2984 4925
1268 338 1740 418 .-¹8-

713 516 776 584 7)
841 513 1117 571 Carmina
1178 513 1465 573 incertae
1529 512 1765 571 aetatis
1827 531 1900 572 ex
1959 514 2311 589 fragmentis
2358 520 2646 578 collecta..

718 603 1114 661 Distichorum
1155 620 1429 663 numerus
1467 612 1563 663 est
2533 612 2629 672 91.

789 693 860 751 D.
1089 700 1094 706 '
1186 693 1256 749 D.
1280 693 1368 751 St.
1719 695 1823 769 Sp.
1845 696 1920 754 D.
2241 696 2344 770 Sp.
2474 715 2518 761 Α
2547 718 2577 761 9

787 787 859 842 25
1248 787 1320 841 26
1773 789 1837 843 12
2224 856 2228 862 .
2269 789 2334 844 18
2454 770 2520 869 ’ξ
2548 772 2589 872 ξ,

719 874 923 931 Ratio:
961 877 1023 931 61
1059 877 1171 931 :50
1208 898 1276 921 =
1312 873 1383 948 Ἰ,
1410 892 1422 931 :
1454 876 1544 949 ¹l3;
1586 881 1649 934 ut
1687 876 1843 948 apud
1882 877 2209 948 Apuleium.

720 963 957 1021 Similes
1003 965 1241 1031 numeri,
1296 965 1378 1023 ita
1418 970 1480 1022 ut
1530 965 1758 1023 formae
1806 965 2142 1039 dactylicae
2194 965 2416 1024 formas
2454 984 2632 1038 spon-

506 1052 708 1109 diacas
763 1054 953 1109 altero
1015 1058 1181 1110 tanto
1241 1059 1543 1125 superent,
1584 1055 1638 1109 in
1689 1056 2044 1112 carminibus
2083 1056 2478 1129 epigraphicis
2518 1073 2631 1112 non

507 1144 890 1200 inveniuntur.

719 1288 771 1346 8.
812 1285 1088 1343 Carmina
1129 1284 1516 1343 Christiana.

723 1370 1121 1433 Distichorum
1159 1390 1433 1432 numerus
1474 1379 1572 1432 est
1791 1392 1797 1396 ·
2511 1380 2636 1435 592.

793 1465 863 1522 D.
1188 1465 1258 1521 D.
1282 1464 1388 1536 Sp.
1711 1465 1816 1538 Sp.
1838 1465 1911 1528 D.
2189 1475 2197 1480 ’
2248 1466 2351 1539 Sp.
2470 1503 2514 1549 A
2549 1505 2611 1550 75

780 1557 881 1613 158
1242 1557 1333 1610 191
1403 1599 1406 1603 .
1757 1556 1859 1611 142
1977 1572 1979 1574 ’
2255 1560 2345 1613 101
2473 1556 2514 1603 Β
2558 1558 2611 1604 14

721 1644 921 1701 Ratio:
960 1646 1228 1702 &9:242
1254 1669 1321 1690 =
1347 1645 1445 1716 ³l5:
1465 1644 1534 1716 ²l5
1572 1645 1826 1708 circiter,

722 1735 911 1792 Etiam
950 1735 1006 1790 in
1049 1733 1408 1791 Christianis
1447 1734 1804 1791 carminibus
1851 1734 2318 1807 saepe'accidit‚
2359 1741 2424 1794 ut
2461 1739 2639 1795 hemi-

509 1823 722 1881 stichia
762 1826 959 1895 priora
1010 1828 1070 1880 et
1121 1824 1444 1894 spondiaca
1497 1828 1558 1879 et
1596 1824 2184 1897 spondeo-dactylica
2223 1843 2291 1883 se
2332 1828 2641 1899 excipiant.

509 1914 637 1971 Hoc
669 1915 856 1970 solum
896 1914 1144 1979 accedit,
1173 1913 1328 1982 quod
1367 1914 1458 1969 hic
1484 1914 1849 1971 hemistichia
1876 1915 1957 1971 ita
1988 1916 2242 1987 repetita
2263 1933 2372 1987 pro
2399 1934 2641 1975 numero

510 2004 889 2060 distichorum
907 2002 1210 2059 crebriora
1233 2007 1385 2058 sunt.
1427 2002 1810 2059 Hemistichia
1832 2003 2152 2074 spondiaca
2173 2005 2327 2061 inter
2348 2022 2415 2061 se
2432 2023 2640 2063 secun-

509 2097 604 2150 tur
639 2091 796 2158 14168,
837 2096 1019 2161 atque.
1056 2090 1110 2146 in
1153 2108 1225 2147 eo
1266 2105 1508 2148 numero
1544 2090 1637 2147 bis
1665 2096 1833 2148 terna
1860 2093 2242 2149 hemistichia.
2301 2093 2641 2165 Spondeos·

506 2183 777 2253 dactylos
834 2198 902 2238 se
959 2182 1234 2252 excipere
1281 2182 1446 2237 vides
1484 2180 1652 2248 263e8,
1708 2182 1891 2238 semel
1949 2187 2233 2251 quaterna
2271 2183 2637 2241 hemistichia

494 2273 664 2338 1405,
716 2273 828 2326 16-
847 2273 934 2326 22.

729 2360 958 2426 Restat,
998 2364 1060 2415 ut
1100 2358 1372 2416 Orientii
1414 2327 1598 2416 libros
1638 2361 1963 2430 adiungam.
2155 2397 2159 2402 -

637 2458 692 2518 a)
733 2444 907 2507 Liber
945 2450 1107 2520 prior
1145 2450 1394 2508 disticha
1437 2449 1615 2507 habet
2495 2454 2642 2510 508.

797 2540 867 2597 D.
1193 2540 1263 2595 D.
1289 2538 1389 2610 Sp.
1715 2539 1819 2612 Sp.
1840 2540 1911 2596 D.
2251 2541 2352 2612 Sp.
2473 2577 2517 2622 A
2552 2578 2617 2624 40

796 2632 859 2686 61
1231 2632 1333 2685 112
1783 2633 1855 2686 68
2174 2636 2180 2639 “
2262 2633 2333 2687 67
2474 2630 2519 2730 ἓ
2562 2632 2616 2730 {2
2713 2662 2720 2667 ·

724 2719 928 2777 Ratio:
976 2720 1226 2776 175:155
1264 2743 1331 2785 -τ,
1367 2718 1557 2791 ⁵l9z⁴l9
1604 2719 1858 2776 circiter.

596 2810 694 2878 qb)
733 2808 910 2867 Liber
947 2810 1099 2866 alter
1138 2808 1389 2866 disticha
1429 2809 1611 2865 habet
2520 2814 2641 2869 208.

799 2898 872 2960 D,
1195 2897 1267 2953 D.
1290 2897 1392 2969 Sp.
1519 2925 1527 2971 g
1721 2897 1823 2970 Sp.
1845 2898 1915 2956 D.
2025 2894 2031 2901 ’
2256 2899 2359 2972 Sp.
2482 2920 2523 2963 A
2551 2918 2616 2965 42

793 2990 897 3056 50,
1257 2989 1329 3042 69
1774 2990 1845 3045 45
2270 2992 2344 3047 66
2481 2972 2525 3071 ἓ
2566 2972 2617 3070 {3

725 3077 927 3134 Ratio:
966 3078 1065 3133 99:
1090 3078 1204 3135 109.
1280 3076 1541 3153 Eandem
1582 3078 1866 3134 rationem
1905 3078 2060 3150 apud
2087 3078 2454 3136 Lactantium
2493 3081 2648 3137 inter

517 3168 783 3237 singulos
835 3166 1021 3237 pedes
1062 3166 1444 3222 intercedere
1498 3168 1895 3236 cognovimus,
1983 3167 2306 3227 Praeterea
2358 3169 2516 3226 aliud
2565 3168 2647 3225 di-

517 3266 688 3328 gnum
731 3260 824 3313 est
863 3255 1017 3326 quod
1058 3271 1519 3316 commemorem.
1583 3255 1852 3312 Numeris
1889 3258 2101 3327 prioris
2139 3263 2199 3315 et
2234 3259 2479 3315 alterius
2516 3258 2647 3315 libri

515 3346 869 3417 comparatis
945 3349 1210 3416 apparet,
1286 3349 1560 3414 quantum
1628 3346 1776 3402 idem
1838 3352 2017 3418 poeta
2043 3411 2050 3417 ,
2081 3348 2135 3403 in
2196 3348 2404 3407 eodem
2462 3364 2649 3419 opere

514 3454 548 3493 a
575 3436 683 3500 via,
726 3451 892 3504 quam
922 3435 1062 3500 iniit,
1093 3435 1430 3492 recesserit.
1519 3435 1662 3491 Rem
1692 3436 1932 3492 similem
1962 3437 2117 3508 apud
2146 3428 2416 3494 Ovidium
2446 3437 2649 3495 videre

517 3527 693 3593 licuit,
731 3525 887 3596 apud
927 3540 1094 3594 quem
1135 3525 1345 3596 pedum
1388 3526 1538 3582 ratio
1580 3525 1634 3581 in
1673 3524 1987 3581 Amoribus
2039 3542 2167 3582 cum
2218 3543 2305 3594 ea,
2353 3543 2505 3597 quae
2555 3518 2649 3584 est

514 3617 570 3672 in
602 3615 870 3686 epistulis
900 3630 972 3670 ex
999 3614 1209 3680 Pont0,
1247 3632 1362 3671 non
1395 3617 1708 3672 consentit.
1785 3612 2035 3671 Amores
2062 3613 2256 3672 Ovidi·
2277 3620 2429 3682 sunt,
2474 3618 2647 3673 etiam

518 3704 809 3776 epistulae
851 3720 922 3759 ex
960 3703 1153 3760 Ponto
1193 3705 1363 3760 huius
1405 3710 1621 3774 poetae
1660 3704 1991 3761 manebunt.
2069 3705 2188 3762 Fac
2226 3706 2377 3781 opus
2416 3707 2651 3776 aliquod

518 3800 770 3861 exstare,
812 3795 885 3851 de
927 3810 1041 3863 quo
1078 3784 1182 3849 ‘viri
1226 3793 1400 3857 docti,
1442 3798 1631 3850 utrum
1655 3792 1828 3851 Ovidi
1869 3797 1947 3852 sit
1986 3812 2190 3863 necne,
2229 3794 2515 3863 dubitent.
2553 3795 2646 3874 vSi

402 3962 408 3967 ἱ
516 3875 727 3955 pedum
784 3882 1161 3939 differentiae
1222 3886 1338 3939 tam
1399 3895 1619 3953 parvae
1680 3889 1816 3940 sunt
1872 3901 2040 3954 qnam
2101 3901 2226 3951 eae,
2290 3897 2441 3953 ‘quae
2494 3883 2650 3940 inter

517 3973 765 4031 Amores
817 3977 877 4030 et
935 3973 1063 4028 illas
1117 3973 1405 4059 epistulas
1457 3976 1610 4040 sunt,
1661 3974 1800 4029 nihil
1851 3979 1962 4041 est,
2009 3990 2113 4031 cur
2166 3972 2384 4031 Ovidio
2432 3973 2652 4030 abiudi-

514 4070 701 4121 cetur.
777 4062 1241 4120 Abiudicandum
1283 4065 1394 4129 est,
1450 4066 1499 4119 si
1550 4065 1815 4120 rationes
1865 4064 2042 4134 plane
2080 4067 2352 4162 mutatae
2404 4069 2541 4121 sunt
2587 4067 2652 4120 ut

517 4152 673 4224 apud
713 4152 1078 4209 Lactantium
1121 4156 1181 4208 et
1220 4151 1568 4210 Orientium.
2049 4148 2060 4171 ‘

2472 1611 2612 1658 (314
2710 1604 2742 1660 .“
