2984 4925
558 427 917 505 Infeslumque
961 428 1096 485 mihi
1140 431 1210 485 sit
1255 427 1389 483 satis
1436 444 1549 482 esse
1593 425 1804 489 «lovem.
2057 427 2236 488 Trist.
2330 425 2349 482 1
2385 427 2518 495 426

560 535 904 611 Incertasque
942 511 1102 590 'meae
1141 551 1318 610 paene
1361 532 1549 590 salutis
1595 551 1775 615 eram..
2067 534 2246 596 Trist.
2284 534 2347 592 111
2386 537 2475 602 5,4

557 641 1012 718 Principiumque
1056 643 1165 699 mei
1211 643 1458 700 criminis
1506 659 1660 698 error
1706 639 1878 698 habet.
2052 644 2242 701 'Trist
2281 644 2345 701 111
2382 644 2515 712 626

450 786 515 856 b)
556 783 633 841 Et
678 786 817 842 iacet
848 788 971 841 ante
1000 790 1118 841 tuos
1151 782 1398 841 Graecia
1437 788 1646 840 maesta
1668 781 1853 859 pedes.
2138 785 2273 846 Her.
2348 786 2475 854 5‚84

554 893 673 949 Nec
719 908 903 947 moror
947 895 1072 947 ame
1109 895 1233 947 taos
1266 887 1624 963 procubuisse
1661 887 1844 964 pedes,
2140 894 2276 951 Her.
2323 892 2509 960 12,186

557 996 779 1056 Decidit
825 1003 948 1052 ante
990 1014 1178 1053 sacros
1222 996 1384 1054 lanea
1426 996 1561 1052 vitta
1595 997 1768 1069 focos.
2134 1002 2296 1059 Fast.
2333 1001 2397 1058 111
2436 1004 2509 1059 50

568 1102 797 1182 Tradat,
846 1111 894 1162 et
940 1109 1064 1160 ante
1093 1109 1270 1160 tamen
1296 1120 1478 1177 pauca
1508 1103 1771 1179 loquatur,
1818 1103 1933 1165 adi.
2111 1109 2289 1166 Trist.
2328 1110 2347 1167 1
2393 1109 2517 1175 196

589 1205 963 1277 Praepositio
996 1205 1090 1261 vel
1128 1203 1465 1264 adverbium
1493 1208 1702 1272 ‚,ante“
1731 1208 1972 1278 saepius
2010 1209 2086 1265 ab
2114 1207 2330 1268 Ovidio
2367 1212 2510 1266 ante

374 1297 691 1353 clausulam
750 1295 1051 1353 iambicam
1103 1297 1444 1365 usurpatum
1502 1299 1612 1352 est.
1689 1294 1747 1351 In
1810 1298 2017 1368 paucis
2075 1298 2356 1368 exemplis
2412 1297 2511 1354 Ti·

374 1385 644 1442 bullianis
676 1388 885 1453 „ante“
912 1383 1094 1441 semel
1135 1384 1216 1440 ita
1256 1383 1510 1454 positum
1549 1391 1659 1442 est.
1736 1384 1907 1457 Apud
1946 1385 2318 1458 Propertium
2358 1388 2513 1444 haec

373 1474 743 1545 praepositio
782 1475 865 1530 ita
904 1474 1099 1543 posita
1138 1489 1252 1529 non
1295 1488 1429 1529 raro
1469 1474 1745 1530 occurrit.

465 1609 526 1677 c)
566 1607 681 1663 Seu
740 1613 793 1662 te
840 1606 991 1681 forie
1050 1609 1197 1664 iuvat
1257 1625 1383 1663 sera
1433 1614 1482 1664 et
1532 1607 1831 1683 sapientior
1897 1593 2065 1682 aetas,

551 1704 650 1761 hoc
714 1722 940 1780 quoque,
992 1702 1151 1761 crede
1199 1703 1352 1778 mihi,
1399 1704 1613 1780 plenius
1662 1723 1855 1780 agmen
1905 1708 2024 1769 erit.
2226 1707 2341 1764 Ars
2381 1708 2398 1764 1
2436 1709 2510 1781 66

490 1823 499 1832 ‘
555 1801 677 1861 Illic
754 1800 1012 1877 depositis
1087 1801 1293 1861 habitat
1364 1799 1680 1860 Concordia
1725 1803 1860 1877 telis,

554 1901 664 1974 illo,
740 1898 897 1957 crede
971 1899 1126 1976 mihi,
1156 1899 1380 1961 Gratia
1424 1904 1558 1955 nata
1601 1901 1781 1960 locost.
2166 1903 2282 1960 Ars
2321 1904 2360 1960 11
2398 1905 2506 1960 464

554 1997 762 2055 Militat
809 1998 984 2053 omnis
1030 2015 1240 2068 amans,
1303 2002 1350 2052 et
1405 1995 1563 2053 habet
1612 2016 1715 2054 saa
1768 2006 1948 2063 castra
2005 1997 2256 2075 Cupido.-

552 2095 746 2166 Atiice,
794 2092 952 2151 crede
995 2094 1151 2164 mihi,
1200 2093 1396 2152 militat
1425 2095 1601 2152 omnis
1647 2114 1856 2156 amans.
2200 2099 2325 2161 Am.
2364 2100 2382 2155 Ι
2420 2102 2510 2168 9,2

549 2190 626 2249 cf.
664 2187 802 2249 Her.
846 2183 1060 2254 15,174;
1099 2184 1269 2247 Pont.
1306 2185 1381 2242 1v
1417 2185 1576 2255 2223
1615 2186 1774 2244 Fast.
1814 2186 1833 2243 1
1870 2187 2007 2245 496:
2073 2243 2078 2248 ,

587 2276 901 2335 Sententia
953 2281 1055 2332 aut
1103 2277 1501 2332 hexametrum
1549 2280 1611 2333 et
1657 2280 2086 2347 pentametrum
2140 2279 2512 2350 amplectitur

373 2372 474 2424 aut
536 2369 593 2422 in
653 2372 903 2436 utroque
966 2378 1141 2421 versu
1205 2365 1317 2422 alia
1380 2370 1492 2425 est.
1600 2364 1786 2423 Poeta
1844 2365 2122 2437 gravibus
2184 2367 2383 2424 verbis
2444 2368 2502 2424 id

373 2456 528 2527 quod
567 2456 723 2513 dicat
775 2456 855 2512 ita
913 2472 980 2512 se
1033 2455 1253 2513 habere
1303 2454 1578 2512 affirmat.
1663 2454 2152 2514 Venustissimum
2199 2460 2295 2514 est
2332 2456 2498 2514 illud:

374 2543 581 2602 Militat
625 2545 802 2601 omnis
847 2561 1039 2600 amaus
1079 2550 1193 2606 etc.

595 2636 893 2707 Exempla,
934 2650 1083 2704 quae
1124 2635 1310 2700 attuli,
1350 2634 1423 2689 ad
1452 2650 1523 2690 ea
1551 2635 1893 2705 perducunt,
1935 2650 2086 2706 quae
2125 2636 2346 2691 maiore
2382 2651 2512 2692 cum

370 2729 503 2781 arte
542 2725 873 2796 'composita
914 2729 1066 2781 sunt.
1795 2738 1799 2743 ·

584 2816 638 2882 2)
678 2814 963 2883 Exempla
1005 2810 1386 2869 artificiosa.

584 2906 639 2970 a)
679 2903 1040 2960 pentametri
1102 2899 1360 2958 iambici
1417 2901 1473 2956 in
1537 2899 2003 2957 sententiarum
2069 2899 2241 2957 serie
2290 2901 2502 2957 insunt.

370 2991 646 3049 Narratio
702 2994 789 3049 vel
838 2992 1136 3063 expositio
1190 2990 1588 3061 compluribus
1645 3005 1679 3045 e
1726 2990 2003 3046 membris
2058 2993 2325 3058 constat;
2376 3005 2510 3045 sae·

371 3082 502 3153 pius
553 3082 788 3151 aliquod
838 3083 1152 3138 membrum
1202 3080 1439 3137 verbum
1489 3080 1796 3161 iambicum
1851 3081 1905 3136 in
1961 3080 2176 3150 prioris
2225 3079 2339 3135 coli
2385 3077 2510 3134 fine
2545 3110 2558 3122 ·

370 3169 567 3227 habet

551 3265 673 3344 Quo
706 3286 813 3324 non
838 3286 930 3325 ars
956 3266 1240 3343 penetrat?
1278 3265 1487 3324 discunt
1506 3266 1800 3322 lacrimare
1823 3262 2084 3338 decenter,
2172 3266 2288 3323 Ars
2314 3265 2378 3322 111
2404 3265 2508 3344 29‘1

548 3378 754 3441 qaoque
799 3365 977 3422 volant
1018 3363 1236 3439 plorant
1280 3368 1513 3438 tempore
1560 3381 1767 3440 quoque
1811 3359 1990 3423 modo,

548 3460 696 3540 qaid,
745 3483 864 3521 cum
910 3461 1150 3539 leyitima
1182 3459 1482 3536 fraudatur
1530 3461 1707 3519 littera
1751 3478 1896 3531 voce,

548 3558 833 3637 blaesaque
865 3560 941 3635 fit
989 3562 1133 3618 iusso
1182 3559 1371 3636 linqua
1414 3566 1603 3617 coacta
1649 3558 1822 3617 sono?

548 3659 606 3713 in
655 3659 788 3716 vitio
836 3657 998 3715 decor
1045 3666 1136 3732 est,
1184 3655 1451 3734 quaedam
1493 3657 1634 3713 male
1680 3655 1908 3714 reddere
1953 3654 2154 3712 uerba.-

548 3755 759 3814 discant
797 3774 958 3831 posse
1001 3758 1200 3833 minus,
1250 3773 1410 3831 quam
1450 3760 1692 3831 potuere,
1740 3753 1903 3830 loqui.

551 3912 600 3972 O
642 3914 863 3991 pudor!
912 3917 1103 3974 hirsuti
1152 3916 1315 3973 costis
1362 3923 1526 3974 exuta
1571 3916 1758 3985 leonia,
2139 3916 2272 3972 Her.
2310 3916 2363 3985 9,
2405 3915 2501 3970 111

553 4016 764 4089 Aspera
804 4021 1048 4071 temerant
1094 4015 1291 4072 vellem
1337 4015 1495 4071 molle
1541 4017 1722 4074 lalus!
2144 3996 2512 4046 cf.9‚103—110

550 4110 783 4172 Falleris
834 4120 881 4168 et
927 4115 1143 4171 nescis.-
1193 4133 1302 4172 uon
1347 4122 1464 4173 sant
1509 4117 1684 4190 spolia
1733 4116 1824 4172 illa
1869 4117 2056 4185 leonise

551 4207 662 4267 Sed
709 4218 816 4282 tua,
864 4218 1018 4286 tuque
1057 4211 1164 4281 feri
1210 4214 1386 4273 victor
1434 4231 1487 4269 es
1538 4212 1631 4269 illa
1679 4215 1776 4276 tui.
