2984 4925
1161 1472 1422 1541 Ennius,
1459 1477 1639 1546 poeta
1677 1473 2066 1532 Romanorum
2106 1473 2483 1539 clarissimus

368 1573 499 1649 „qui
540 1573 752 1647 primus
797 1588 1021 1628 amoeno
1069 1568 1250 1628 detulit
1295 1589 1367 1627 em
1403 1567 1657 1627 Helicone
1694 1570 1925 1645 perenni
1957 1567 2163 1644 fronde
2205 1586 2482 1638 coronam,

359 1679 662 1753 poe‘yentis
693 1677 865 1738 Italas
899 1677 1172 1735 bominum
1213 1695 1351 1754 quae
1384 1674 1536 1734 clara
1559 1675 1820 1741 clueret,“
1842 1679 2116 1749 populum
2170 1676 2487 1734 Romanum

366 1795 480 1834 non
532 1779 717 1835 solum
757 1780 1115 1844 hexametrO,
1155 1789 1352 1833 verum
1396 1778 1571 1833 etiam
1610 1781 1980 1847 pentametro
2033 1776 2287 1832 donavit.
2365 1772 2490 1831 Sed

367 1868 516 1924 Enni
575 1868 914 1938 exemplum,
972 1868 1105 1937 quia
1163 1867 1478 1923 Enniorum
1536 1882 1808 1923 numerus
1867 1870 1994 1923 erat
2053 1866 2316 1935 exiguus,
2373 1880 2488 1920 non

368 1957 581 2014 multos
619 1961 861 2013 secutos
900 1973 1039 2014 esse
1080 1956 1257 2013 facile
1296 1957 1672 2025 intellegitur.
1847 1952 1852 1958 ’

579 2063 946 2134 Temporum,
987 2079 1137 2133 quae
1177 2063 1324 2119 Enni
1364 2067 1622 2119 aetatem
1664 2068 1870 2119 secuta
1910 2067 2063 2129 sunt,
2104 2078 2291 2133 pauca
2331 2061 2487 2131 frag-

368 2158 561 2210 menta
620 2153 775 2225 apud
829 2152 1171 2218 Varronem,
1238 2152 1611 2218 Ciceronem,
1680 2152 1958 2223 imprimis
2020 2151 2176 2221 apud
2238 2149 2489 2206 Gellium

369 2248 619 2303 exstant.
694 2242 920 2299 Primus
972 2246 1108 2313 post
1148 2242 1390 2298 Ennium
1445 2242 1501 2297 in
1540 2240 1891 2298 carminibus
1929 2240 2310 2313 amplioribus
2349 2255 2491 2312 pen-

367 2336 616 2389 tametro
655 2349 798 2389 usus
839 2337 932 2389 est
960 2330 1270 2389 Catullus.
1303 2390 1306 2392 A
1346 2330 1537 2388 Huius
1577 2336 1794 2404 poetae
1832 2330 2203 2401 pentametri,
2241 2328 2298 2385 id
2337 2329 2491 2399 quod

369 2422 564 2479 mirum
614 2438 753 2479 esse
800 2439 913 2480 non
963 2426 1181 2494 potest,
1230 2421 1356 2478 duri
1396 2421 1614 2492 aliquid
1654 2425 1714 2478 et
1752 2421 1947 2492 asperi
1989 2418 2236 2488 habent;
2280 2430 2487 2477 versus
2543 2427 2552 2438 ’

367 2513 517 2568 enim
556 2512 914 2570 excolendus
953 2516 1013 2569 et
1053 2512 1438 2584 expoliendus
1479 2518 1623 2569 erat.
1691 2511 1881 2582 Quam
1912 2528 2031 2568 rem
2060 2510 2333 2567 Catullus
2362 2511 2491 2582 ipse

369 2603 594 2669 quidem
633 2606 1005 2672 praematura
1043 2606 1230 2659 morte
1269 2602 1583 2673 impeditus
1623 2619 1737 2657 non
1777 2601 2047 2673 perfecit,
2084 2600 2194 2656 sed
2232 2600 2325 2669 qui
2354 2606 2491 2670 post

368 2690 495 2745 eius
534 2693 801 2760 tempora
836 2690 1006 2746 fuere
1050 2691 1291 2746 iuvenes
1339 2691 1568 2747 artibus
1619 2692 1791 2748 bonis
1844 2690 2051 2748 eruditi
2100 2694 2162 2747 et
2216 2691 2310 2760 qui
2362 2701 2490 2746 ver-

369 2794 533 2834 suum
573 2779 921 2849 elegantiam
960 2788 1181 2849 augere
1224 2779 1550 2846 studerent,
1607 2783 1779 2837 etiam
1832 2785 1894 2837 ut
1943 2779 2294 2851 pentametri
2339 2778 2492 2834 duri·

372 2868 508 2924 tiam
550 2873 610 2924 et
648 2867 1028 2939 asperitatem
1071 2867 1490 2935 deminuerent,
1535 2885 1773 2940 operam
1815 2868 2050 2929 dabant.

579 2976 635 3031 In
665 2975 756 3031 his
783 2976 967 3046 primo
995 2977 1127 3032 loco
1153 2976 1483 3032 nominandi
1524 2980 1659 3032 sunt
1685 2974 1976 3033 Tibullus
2005 2980 2066 3033 et
2095 2973 2491 3047 Propertius.

367 3064 632 3121 Tibullus
672 3066 972 3122 elisionem
1012 3066 1310 3122 rarissime
1349 3065 1632 3134 admittit;
1682 3065 2028 3138 Propertius
2067 3065 2160 3121 vel
2213 3065 2268 3119 in
2309 3065 2491 3134 primo

371 3152 518 3209 libro
557 3155 730 3226 plane
768 3170 803 3209 a
832 3153 1069 3210 Catullo
1109 3154 1398 3210 dissentit.
1476 3153 1567 3209 Ab
1608 3155 1719 3209 hoc
1758 3154 1942 3225 primo
1982 3168 2168 3222 usque
2207 3152 2282 3208 ad
2321 3167 2489 3222 quar-

368 3246 486 3297 tum
526 3242 731 3298 librum
771 3243 824 3298 in
865 3242 1116 3299 disticho
1154 3242 1477 3299 excolendo
1528 3243 1712 3313 magis
1760 3242 2059 3312 magisque
2101 3241 2492 3312 progreditur,

369 3332 449 3388 ita
490 3338 552 3389 ut
587 3334 775 3402 quarti
811 3332 939 3390 libri
976 3333 1226 3392 disticha
1261 3345 1468 3405 magna
1507 3352 1633 3390 cum
1672 3335 1965 3406 elegantia
1998 3336 2325 3406 composita
2358 3335 2490 3390 sint.

582 3438 672 3496 Ad
712 3456 984 3497 summam
1030 3446 1223 3499 autem
1279 3442 1628 3512 elegantiam
1680 3443 1947 3513 pervenit
1986 3439 2277 3508 OvidiuS,
2325 3434 2493 3497 cuius

368 3540 578 3585 versus
638 3529 779 3585 mira
834 3527 1121 3587 facilitate
1185 3535 1442 3586 currunt.
1537 3530 1887 3601 Praecepta.
1951 3546 2100 3600 quae
2163 3530 2238 3586 ad
2302 3528 2492 3586 bonos

368 3624 770 3694 pentametros
821 3618 1134 3690 tingendos
1171 3619 1421 3678 Ovidius
1470 3620 1827 3685 observavit,
1876 3624 2054 3690 poeta
2103 3625 2331 3677 mortuo
2378 3636 2491 3676 non

367 3701 618 3776 periere,
671 3707 780 3764 sed
832 3707 1173 3778 quicumque
1221 3711 1346 3766 sive
1394 3709 1596 3779 primis
1648 3713 1785 3781 post
1825 3706 1964 3764 Chr.
2006 3723 2056 3764 n.
2099 3709 2225 3764 sive
2273 3709 2495 3765 nostris

368 3794 731 3866 temporibus
770 3795 960 3853 bonos
999 3802 1400 3868 pentametros
1437 3797 1643 3855 facere
1682 3798 1923 3865 studuit,
1962 3798 2167 3854 oculos
2202 3797 2495 3854 convertit

370 3885 427 3940 in
481 3883 773 3952 Ovidium,
832 3885 1003 3942 huius
1054 3898 1264 3944 versus
1324 3904 1601 3943 summum
1654 3886 1957 3944 artificem.
2048 3886 2252 3956 Neque
2300 3891 2492 3943 tamen

369 3989 570 4029 omnes
611 3975 807 4032 statim
835 3972 1086 4031 Ovidios
1122 3974 1320 4033 factos
1358 3992 1500 4032 esse
1539 3975 1891 4032 credendum
1932 3979 2043 4041 est,
2084 3975 2245 4030 multi
2275 3974 2491 4031 Catulli

369 4063 637 4132 vestigiis
676 4064 1029 4130 institerunt,
1072 4068 1132 4119 et
1170 4079 1285 4134 quo
1322 4065 1510 4120 minus
1550 4065 1679 4133 quis
1727 4066 1857 4120 erat
1904 4063 2187 4129 erudituS,
2242 4079 2316 4120 eo
2373 4066 2496 4121 lon·

373 4151 501 4220 gius
540 4151 614 4206 ab
652 4150 868 4209 Ovidio
907 4150 1132 4220 aberat,
1186 4152 1244 4208 id
1289 4152 1444 4222 quod
1495 4152 1818 4224 praecipue
1872 4151 1984 4207 dici
2031 4156 2231 4224 potest
2282 4152 2356 4208 de
2407 4152 2493 4218 iis,

374 4239 465 4308 qui
506 4240 687 4296 semel
726 4241 817 4296 vel
857 4240 948 4298 bis
988 4241 1042 4297 in
1082 4241 1200 4298 vita
1239 4257 1346 4297 sua
1385 4241 1543 4297 nulla
1581 4241 1694 4297 alia
1742 4257 1807 4297 re
1856 4241 2084 4312 impulsi
2124 4241 2235 4298 nisi
2274 4244 2337 4298 ut
2375 4242 2496 4312 pie-

374 4333 553 4386 tatem
595 4329 648 4386 in
688 4334 968 4414 parentes
1006 4331 1098 4387 vel
1139 4329 1360 4388 liberos
1401 4335 1796 4401 praestarent,
1836 4342 2044 4388 versus
2081 4328 2396 4388 iaciebant.
