2984 4925
1360 334 1713 389 ..62-

678 513 851 586 Apud
902 511 1255 571 Ausonium
1312 510 1378 568 14
1425 512 1692 583 exempla
1740 517 2086 570 occurrunt:

782 666 984 725 quoque
1028 650 1206 723 mayis
1249 646 1410 719 solus,
1463 648 1563 704 hoc
1607 664 1764 720 maye
1822 652 2052 702 maeslus
2099 666 2224 718 ayo,
2271 647 2380 705 XV
2425 648 2595 717 11,14.

686 782 989 853 Avienus,
1041 799 1207 854 quem
1262 782 1763 853 diligentissimum
1820 782 2216 851 cognovimuS,
2265 781 2321 837 in
2372 782 2483 838 hac
2533 797 2598 838 re

470 874 547 929 ab
587 871 802 930 Ovidio
840 872 1130 929 dissentit.
1207 870 1395 929 Certe
1437 871 1504 926 10
1541 869 1808 941 exempla
1846 869 2041 926 habet.

786 1003 1042 1060 incertum
1086 1021 1185 1078 que
1228 1019 1396 1077 vayus
1441 1001 1620 1057 amnis
1663 998 1890 1057 habebat
1936 1002 2055 1064 iter,
2430 1006 2560 1065 11,6.

785 1115 895 1168 tam
940 1106 1158 1166 diversa
1203 1105 1309 1164 duo
1356 1106 1443 1163 cui
1487 1106 1649 1163 simul
1694 1124 1795 1163 ora
1826 1105 1991 1181 ferat.
2419 1109 2592 1179 2993.

680 1248 767 1305 Ex
821 1248 934 1304 hoc
980 1250 1262 1316 tempore,
1313 1245 1424 1301 sub
1474 1245 1731 1315 quintum
1768 1260 1823 1315 p.
1856 1243 1998 1302 Chr.
2038 1260 2090 1300 n.
2131 1246 2429 1303 saeculum
2471 1247 2594 1317 plu-

468 1338 589 1394 rimi
642 1340 860 1409 poetae
910 1333 1191 1409 syllabam
1248 1334 1483 1391 brevem
1543 1335 1597 1390 in
1654 1332 1778 1390 fine
1835 1335 2047 1405 prioris
2105 1336 2449 1391 hemistichii
2493 1335 2592 1392 ad·

468 1427 702 1485 mittere
739 1441 854 1482 non
894 1425 1340 1490 dubitaverunt;
1398 1424 1622 1495 plurimi
1676 1424 1825 1492 dic0‚
1884 1439 2013 1479 nam
2065 1424 2222 1495 apud
2262 1422 2591 1481 Paulinum

467 1514 780 1572 Nolanum
833 1516 1158 1585 exemplum
1212 1529 1330 1570 non
1387 1514 1609 1581 inveni3
1668 1514 1774 1569 sed
1832 1517 2066 1569 exstant
2122 1515 2387 1585 exempla
2443 1513 2598 1585 apud

469 1603 820 1669 Sedunum,
860 1603 1297 1672 Dracontium,
1337 1602 1713 1663 orientium.

683 1728 743 1785 In
806 1726 1026 1786 Poetis
1088 1727 1335 1786 Latinis
1373 1728 1738 1785 Minoribus
1784 1734 1845 1786 et
1907 1730 1962 1785 in
2029 1728 2409 1800 Anthoiogia
2475 1727 2595 1785 La-

468 1818 601 1876 tina
650 1819 886 1876 circiter
921 1820 993 1875 40
1028 1819 1291 1890 exempla
1342 1822 1676 1887 occurrunt,
1728 1824 1789 1876 et
1827 1821 1874 1874 si
1915 1821 2168 1875 carmina
2206 1818 2397 1876 medii
2451 1818 2592 1875 aevi

467 1910 812 1980 inspexeris»,
852 1910 962 1965 hos
1001 1921 1210 1966 versus
1248 1907 1516 1966 crebrius
1569 1909 1740 1965 etiam
1782 1912 1842 1966 et
1879 1910 1972 1965 vei
2011 1911 2087 1965 ab
2125 1910 2361 1980 optimis
2400 1909 2592 1980 poetis

468 1997 781 2055 confectos
821 2014 960 2054 esse
997 1999 1274 2055 invenies».
