<?xml version="1.0" encoding="UTF-8"?>
<!DOCTYPE html PUBLIC "-//W3C//DTD XHTML 1.0 Transitional//EN"
    "http://www.w3.org/TR/xhtml1/DTD/xhtml1-transitional.dtd">
<html xmlns="http://www.w3.org/1999/xhtml" xml:lang="en" lang="en">
 <head>
  <title>
</title>
<meta http-equiv="Content-Type" content="text/html;charset=utf-8" />
  <meta name='ocr-system' content='tesseract 3.04.00' />
  <meta name='ocr-capabilities' content='ocr_page ocr_carea ocr_par ocr_line ocrx_word'/>
</head>
<body>
  <div class='ocr_page' id='page_1' title='image "./depentametroins00kessgoog_0070.png"; bbox 0 0 2984 4925; ppageno 0'>
   <div class='ocr_carea' id='block_1_1' title="bbox 1343 903 1765 989">
    <p class='ocr_par' dir='ltr' id='par_1_1' title="bbox 1343 903 1765 989">
     <span class='ocr_line' id='line_1_1' title="bbox 1343 903 1765 989; baseline -0.007 -6"><span class='ocrx_word' id='word_1_1' title='bbox 1343 905 1439 983; x_wconf 89' lang='lat' dir='ltr'><strong>X.</strong></span> <span class='ocrx_word' id='word_1_2' title='bbox 1499 903 1765 989; x_wconf 82' lang='lat' dir='ltr'><strong>Varia.</strong></span> 
     </span>
    </p>
   </div>
   <div class='ocr_carea' id='block_1_2' title="bbox 491 1028 2613 1201">
    <p class='ocr_par' dir='ltr' id='par_1_2' title="bbox 491 1028 2613 1201">
     <span class='ocr_line' id='line_1_2' title="bbox 635 1028 2613 1120; baseline -0.009 -13"><span class='ocrx_word' id='word_1_3' title='bbox 635 1028 638 1031; x_wconf 24' lang='lat'><strong>⁴</strong></span> <span class='ocrx_word' id='word_1_4' title='bbox 703 1050 910 1108; x_wconf 89' lang='lat' dir='ltr'><strong>In·hac</strong></span> <span class='ocrx_word' id='word_1_5' title='bbox 952 1055 1211 1107; x_wconf 75' lang='lat' dir='ltr'><strong>extrema</strong></span> <span class='ocrx_word' id='word_1_6' title='bbox 1264 1049 1435 1120; x_wconf 88' lang='lat' dir='ltr'><strong>parte</strong></span> <span class='ocrx_word' id='word_1_7' title='bbox 1486 1046 1663 1115; x_wconf 76' lang='lat' dir='ltr'><strong>digna</strong></span> <span class='ocrx_word' id='word_1_8' title='bbox 1703 1058 1852 1113; x_wconf 85' lang='lat' dir='ltr'><strong>quae</strong></span> <span class='ocrx_word' id='word_1_9' title='bbox 1901 1042 2425 1097; x_wconf 79' lang='lat' dir='ltr'><strong>commemorentur</strong></span> <span class='ocrx_word' id='word_1_10' title='bbox 2471 1051 2613 1091; x_wconf 89' lang='lat' dir='ltr'><strong>non·</strong></span> 
     </span>
     <span class='ocr_line' id='line_1_3' title="bbox 491 1140 953 1201; baseline 0.004 -3"><span class='ocrx_word' id='word_1_11' title='bbox 491 1141 649 1201; x_wconf 90' lang='lat' dir='ltr'><strong>nulla</strong></span> <span class='ocrx_word' id='word_1_12' title='bbox 686 1140 953 1201; x_wconf 77' lang='lat' dir='ltr'><strong>afferam.</strong></span> 
     </span>
    </p>
   </div>
   <div class='ocr_carea' id='block_1_3' title="bbox 700 1264 2580 1652">
    <p class='ocr_par' dir='ltr' id='par_1_3' title="bbox 700 1264 2580 1652">
     <span class='ocr_line' id='line_1_4' title="bbox 710 1268 730 1322; baseline 0 0"><span class='ocrx_word' id='word_1_13' title='bbox 710 1268 730 1322; x_wconf 93' lang='grc'>1</span> 
     </span>
     <span class='ocr_line' id='line_1_5' title="bbox 739 1264 2579 1435; baseline -0.007 -16"><span class='ocrx_word' id='word_1_14' title='bbox 739 1264 759 1335; x_wconf 73' lang='lat'><strong>)</strong></span> <span class='ocrx_word' id='word_1_15' title='bbox 810 1359 1038 1418; x_wconf 81' lang='lat' dir='ltr'><strong>deducta</strong></span> <span class='ocrx_word' id='word_1_16' title='bbox 1097 1365 1147 1417; x_wconf 79' lang='lat' dir='ltr'><strong>et</strong></span> <span class='ocrx_word' id='word_1_17' title='bbox 1189 1359 1356 1435; x_wconf 77' lang='lat' dir='ltr'><strong>fatali</strong></span> <span class='ocrx_word' id='word_1_18' title='bbox 1412 1358 1539 1433; x_wconf 71' lang='lat' dir='ltr'><strong>iyne</strong></span> <span class='ocrx_word' id='word_1_19' title='bbox 1595 1364 1645 1413; x_wconf 79' lang='lat' dir='ltr'><strong>et</strong></span> <span class='ocrx_word' id='word_1_20' title='bbox 1702 1374 1739 1411; x_wconf 98' lang='lat' dir='ltr'><strong>a</strong></span> <span class='ocrx_word' id='word_1_21' title='bbox 1753 1373 1848 1431; x_wconf 63' lang='lat' dir='ltr'><strong>sua</strong></span> <span class='ocrx_word' id='word_1_22' title='bbox 1907 1349 2125 1430; x_wconf 74' lang='lat' dir='ltr'><strong>Styyia.</strong></span> <span class='ocrx_word' id='word_1_23' title='bbox 2405 1351 2579 1418; x_wconf 86' lang='grc'><strong>960,8.</strong></span> 
     </span>
     <span class='ocr_line' id='line_1_6' title="bbox 815 1459 2580 1545; baseline -0.006 -21"><span class='ocrx_word' id='word_1_24' title='bbox 815 1466 1102 1545; x_wconf 79' lang='lat' dir='ltr'><strong>Anchiale,</strong></span> <span class='ocrx_word' id='word_1_25' title='bbox 1150 1484 1303 1543; x_wconf 86' lang='lat' dir='ltr'><strong>quem</strong></span> <span class='ocrx_word' id='word_1_26' title='bbox 1349 1483 1481 1522; x_wconf 80' lang='lat' dir='ltr'><strong>cura</strong></span> <span class='ocrx_word' id='word_1_27' title='bbox 1563 1463 1741 1520; x_wconf 76' lang='lat' dir='ltr'><strong>anxia</strong></span> <span class='ocrx_word' id='word_1_28' title='bbox 1786 1459 2046 1523; x_wconf 75' lang='lat' dir='ltr'><strong>debilitat.</strong></span> <span class='ocrx_word' id='word_1_29' title='bbox 2406 1461 2580 1524; x_wconf 79' lang='lat'><strong>975‚4.</strong></span> 
     </span>
     <span class='ocr_line' id='line_1_7' title="bbox 700 1564 2566 1652; baseline -0.006 -19"><span class='ocrx_word' id='word_1_30' title='bbox 700 1603 705 1608; x_wconf 92' lang='lat'>·</span> <span class='ocrx_word' id='word_1_31' title='bbox 810 1592 1086 1634; x_wconf 76' lang='lat' dir='ltr'><strong>commune</strong></span> <span class='ocrx_word' id='word_1_32' title='bbox 1115 1573 1215 1630; x_wconf 77' lang='lat' dir='ltr'><strong>hoc</strong></span> <span class='ocrx_word' id='word_1_33' title='bbox 1248 1565 1737 1652; x_wconf 76' lang='lat' dir='ltr'><strong>[monjum[entum</strong></span> <span class='ocrx_word' id='word_1_34' title='bbox 1771 1567 1915 1625; x_wconf 73' lang='lat' dir='ltr'><strong>itlius</strong></span> <span class='ocrx_word' id='word_1_35' title='bbox 1945 1572 2104 1642; x_wconf 73' lang='lat' dir='ltr'><strong>atque</strong></span> <span class='ocrx_word' id='word_1_36' title='bbox 2129 1564 2306 1628; x_wconf 71' lang='lat' dir='ltr'><strong>viriet.</strong></span> <span class='ocrx_word' id='word_1_37' title='bbox 2381 1568 2566 1632; x_wconf 78' lang='lat'>1286‚2</span> 
     </span>
    </p>
   </div>
   <div class='ocr_carea' id='block_1_4' title="bbox 496 1684 2619 1855">
    <p class='ocr_par' dir='ltr' id='par_1_4' title="bbox 496 1684 2619 1855">
     <span class='ocr_line' id='line_1_8' title="bbox 741 1684 2619 1763; baseline -0.007 -13"><span class='ocrx_word' id='word_1_38' title='bbox 741 1694 910 1750; x_wconf 90' lang='lat' dir='ltr'><strong>Talia</strong></span> <span class='ocrx_word' id='word_1_39' title='bbox 979 1691 1253 1750; x_wconf 81' lang='lat' dir='ltr'>Catullus</span> <span class='ocrx_word' id='word_1_40' title='bbox 1300 1691 1542 1763; x_wconf 87' lang='lat' dir='ltr'><strong>saepius</strong></span> <span class='ocrx_word' id='word_1_41' title='bbox 1593 1690 1799 1756; x_wconf 90' lang='lat' dir='ltr'><strong>habet;</strong></span> <span class='ocrx_word' id='word_1_42' title='bbox 1863 1686 2018 1759; x_wconf 89' lang='lat' dir='ltr'><strong>apud</strong></span> <span class='ocrx_word' id='word_1_43' title='bbox 2072 1684 2443 1755; x_wconf 83' lang='lat' dir='ltr'><strong>Propertium</strong></span> <span class='ocrx_word' id='word_1_44' title='bbox 2506 1684 2619 1739; x_wconf 90' lang='lat' dir='ltr'><strong>duo</strong></span> 
     </span>
     <span class='ocr_line' id='line_1_9' title="bbox 496 1783 1145 1855; baseline -0.005 -15"><span class='ocrx_word' id='word_1_45' title='bbox 496 1783 758 1855; x_wconf 77' lang='lat' dir='ltr'><strong>exempla</strong></span> <span class='ocrx_word' id='word_1_46' title='bbox 796 1786 1145 1839; x_wconf 87' lang='lat' dir='ltr'><strong>occurrunt:</strong></span> 
     </span>
    </p>
   </div>
   <div class='ocr_carea' id='block_1_5' title="bbox 809 1888 2619 2079">
    <p class='ocr_par' dir='ltr' id='par_1_5' title="bbox 809 1888 2619 2079">
     <span class='ocr_line' id='line_1_10' title="bbox 809 1888 2619 1973; baseline -0.005 -20"><span class='ocrx_word' id='word_1_47' title='bbox 809 1914 1069 1973; x_wconf 79' lang='lat' dir='ltr'><strong>quaerere</strong></span> <span class='ocrx_word' id='word_1_48' title='bbox 1112 1913 1222 1952; x_wconf 78' lang='lat' dir='ltr'><strong>non</strong></span> <span class='ocrx_word' id='word_1_49' title='bbox 1270 1896 1487 1970; x_wconf 81' lang='lat' dir='ltr'><strong>impune</strong></span> <span class='ocrx_word' id='word_1_50' title='bbox 1533 1892 1630 1950; x_wconf 75' lang='lat' dir='ltr'><strong>illa</strong></span> <span class='ocrx_word' id='word_1_51' title='bbox 1673 1898 1869 1968; x_wconf 73' lang='lat' dir='ltr'><strong>royata</strong></span> <span class='ocrx_word' id='word_1_52' title='bbox 1910 1891 2072 1952; x_wconf 77' lang='lat' dir='ltr'><strong>veuit.</strong></span> <span class='ocrx_word' id='word_1_53' title='bbox 2420 1889 2438 1946; x_wconf 97' lang='lat'>1</span> <span class='ocrx_word' id='word_1_54' title='bbox 2476 1888 2619 1956; x_wconf 64' lang='lat'><strong>532.</strong></span> 
     </span>
     <span class='ocr_line' id='line_1_11' title="bbox 811 1996 2616 2079; baseline -0.004 -19"><span class='ocrx_word' id='word_1_55' title='bbox 811 2001 1061 2059; x_wconf 74' lang='lat' dir='ltr'><strong>Herculis</strong></span> <span class='ocrx_word' id='word_1_56' title='bbox 1110 2002 1411 2079; x_wconf 67' lang='lat' dir='ltr'><strong>Antaeique</strong></span> <span class='ocrx_word' id='word_1_57' title='bbox 1458 1998 1920 2076; x_wconf 66' lang='lat' dir='ltr'><strong>Hesperidumque</strong></span> <span class='ocrx_word' id='word_1_58' title='bbox 1963 1996 2173 2059; x_wconf 71' lang='lat' dir='ltr'><strong>choros,</strong></span> <span class='ocrx_word' id='word_1_59' title='bbox 2342 1997 2405 2054; x_wconf 90' lang='lat'><strong>111</strong></span> <span class='ocrx_word' id='word_1_60' title='bbox 2443 1999 2616 2064; x_wconf 64' lang='lat'><strong>2210.</strong></span> 
     </span>
    </p>
   </div>
   <div class='ocr_carea' id='block_1_6' title="bbox 493 2140 2619 2479">
    <p class='ocr_par' dir='ltr' id='par_1_6' title="bbox 705 2140 759 2209">
     <span class='ocr_line' id='line_1_12' title="bbox 705 2140 759 2209; baseline 0 0"><span class='ocrx_word' id='word_1_61' title='bbox 705 2140 759 2209; x_wconf 85' lang='lat'><strong>2)</strong></span> 
     </span>
    </p>

    <p class='ocr_par' dir='ltr' id='par_1_7' title="bbox 493 2221 2619 2479">
     <span class='ocr_line' id='line_1_13' title="bbox 707 2221 2618 2286; baseline -0.005 0"><span class='ocrx_word' id='word_1_62' title='bbox 707 2242 964 2286; x_wconf 77' lang='lat' dir='ltr'><strong>carmen</strong></span> <span class='ocrx_word' id='word_1_63' title='bbox 1003 2230 1124 2285; x_wconf 80' lang='grc'><strong>965.</strong></span> <span class='ocrx_word' id='word_1_64' title='bbox 1168 2227 1426 2284; x_wconf 84' lang='lat' dir='ltr'><strong>Gavisus</strong></span> <span class='ocrx_word' id='word_1_65' title='bbox 1453 2237 1591 2282; x_wconf 68' lang='lat' dir='ltr'><strong>‘sum</strong></span> <span class='ocrx_word' id='word_1_66' title='bbox 1631 2235 1759 2281; x_wconf 88' lang='lat' dir='ltr'><strong>cum</strong></span> <span class='ocrx_word' id='word_1_67' title='bbox 1801 2226 1912 2280; x_wconf 90' lang='lat' dir='ltr'><strong>hoc</strong></span> <span class='ocrx_word' id='word_1_68' title='bbox 1951 2224 2026 2280; x_wconf 89' lang='lat' dir='ltr'><strong>de</strong></span> <span class='ocrx_word' id='word_1_69' title='bbox 2064 2222 2319 2279; x_wconf 84' lang='lat' dir='ltr'><strong>carmine</strong></span> <span class='ocrx_word' id='word_1_70' title='bbox 2345 2221 2618 2277; x_wconf 88' lang='lat' dir='ltr'><strong>Rossium</strong></span> 
     </span>
     <span class='ocr_line' id='line_1_14' title="bbox 493 2310 2619 2380; baseline -0.005 -3"><span class='ocrx_word' id='word_1_71' title='bbox 493 2336 715 2377; x_wconf 88' lang='lat' dir='ltr'><strong>mecum</strong></span> <span class='ocrx_word' id='word_1_72' title='bbox 737 2320 1075 2376; x_wconf 91' lang='lat' dir='ltr'><strong>consentire</strong></span> <span class='ocrx_word' id='word_1_73' title='bbox 1096 2319 1370 2377; x_wconf 85' lang='lat' dir='ltr'><strong>viderem.</strong></span> <span class='ocrx_word' id='word_1_74' title='bbox 1396 2316 1579 2372; x_wconf 84' lang='lat' dir='ltr'><strong>Plane</strong></span> <span class='ocrx_word' id='word_1_75' title='bbox 1596 2316 1746 2372; x_wconf 90' lang='lat' dir='ltr'><strong>enim</strong></span> <span class='ocrx_word' id='word_1_76' title='bbox 1774 2310 2262 2380; x_wconf 66' lang='lat' dir='ltr'><strong>Commodianv)</strong></span> <span class='ocrx_word' id='word_1_77' title='bbox 2290 2311 2619 2368; x_wconf 84' lang='lat' dir='ltr'><strong>memoriam</strong></span> 
     </span>
     <span class='ocr_line' id='line_1_15' title="bbox 494 2401 2618 2479; baseline -0.004 -15"><span class='ocrx_word' id='word_1_78' title='bbox 494 2417 754 2478; x_wconf 85' lang='lat' dir='ltr'><strong>revocat,</strong></span> <span class='ocrx_word' id='word_1_79' title='bbox 792 2410 873 2466; x_wconf 89' lang='lat' dir='ltr'><strong>ita</strong></span> <span class='ocrx_word' id='word_1_80' title='bbox 914 2414 977 2467; x_wconf 88' lang='lat' dir='ltr'><strong>ut</strong></span> <span class='ocrx_word' id='word_1_81' title='bbox 1015 2410 1072 2466; x_wconf 91' lang='lat' dir='ltr'><strong>in</strong></span> <span class='ocrx_word' id='word_1_82' title='bbox 1113 2425 1186 2466; x_wconf 93' lang='lat' dir='ltr'><strong>eo</strong></span> <span class='ocrx_word' id='word_1_83' title='bbox 1226 2407 1469 2479; x_wconf 90' lang='lat' dir='ltr'><strong>primum</strong></span> <span class='ocrx_word' id='word_1_84' title='bbox 1501 2406 1700 2460; x_wconf 86' lang='lat' dir='ltr'><strong>horum</strong></span> <span class='ocrx_word' id='word_1_85' title='bbox 1747 2415 2019 2459; x_wconf 83' lang='lat' dir='ltr'><strong>versuum</strong></span> <span class='ocrx_word' id='word_1_86' title='bbox 2068 2401 2379 2472; x_wconf 78' lang='lat' dir='ltr'><strong>vestigium</strong></span> <span class='ocrx_word' id='word_1_87' title='bbox 2419 2402 2618 2456; x_wconf 92' lang='lat' dir='ltr'><strong>inesse</strong></span> 
     </span>
    </p>
   </div>
   <div class='ocr_carea' id='block_1_7' title="bbox 496 2496 2149 2801">
    <p class='ocr_par' dir='ltr' id='par_1_8' title="bbox 496 2496 2149 2801">
     <span class='ocr_line' id='line_1_16' title="bbox 496 2496 2149 2570; baseline -0.005 -14"><span class='ocrx_word' id='word_1_88' title='bbox 496 2499 836 2556; x_wconf 74' lang='lat' dir='ltr'><strong>existimem.</strong></span> <span class='ocrx_word' id='word_1_89' title='bbox 912 2498 1132 2570; x_wconf 81' lang='lat' dir='ltr'><strong>Aspice</strong></span> <span class='ocrx_word' id='word_1_90' title='bbox 1169 2498 1332 2554; x_wconf 84' lang='lat' dir='ltr'><strong>verbi</strong></span> <span class='ocrx_word' id='word_1_91' title='bbox 1374 2496 1564 2565; x_wconf 78' lang='lat' dir='ltr'><strong>gratia</strong></span> <span class='ocrx_word' id='word_1_92' title='bbox 1603 2496 1843 2565; x_wconf 90' lang='lat' dir='ltr'><strong>primum</strong></span> <span class='ocrx_word' id='word_1_93' title='bbox 1881 2505 2149 2549; x_wconf 81' lang='lat' dir='ltr'><strong>versum:</strong></span> 
     </span>
     <span class='ocr_line' id='line_1_17' title="bbox 821 2604 1841 2693; baseline -0.006 -22"><span class='ocrx_word' id='word_1_94' title='bbox 821 2610 870 2671; x_wconf 91' lang='lat' dir='ltr'><strong><em>O</em></strong></span> <span class='ocrx_word' id='word_1_95' title='bbox 919 2611 1212 2670; x_wconf 77' lang='lat' dir='ltr'><strong>iucundum</strong></span> <span class='ocrx_word' id='word_1_96' title='bbox 1257 2604 1700 2693; x_wconf 63' lang='lat' dir='ltr'><strong>lumenlsuperum</strong></span> <span class='ocrx_word' id='word_1_97' title='bbox 1746 2614 1841 2671; x_wconf 83' lang='lat' dir='ltr'><strong>etc.</strong></span> 
     </span>
     <span class='ocr_line' id='line_1_18' title="bbox 712 2728 2041 2801; baseline -0.004 -14"><span class='ocrx_word' id='word_1_98' title='bbox 712 2730 934 2787; x_wconf 82' lang='lat' dir='ltr'><strong>Similia</strong></span> <span class='ocrx_word' id='word_1_99' title='bbox 973 2731 1134 2787; x_wconf 90' lang='lat' dir='ltr'><strong>initia</strong></span> <span class='ocrx_word' id='word_1_100' title='bbox 1173 2730 1328 2801; x_wconf 89' lang='lat' dir='ltr'><strong>apud</strong></span> <span class='ocrx_word' id='word_1_101' title='bbox 1369 2728 1849 2786; x_wconf 90' lang='lat' dir='ltr'><strong>Commodianum</strong></span> <span class='ocrx_word' id='word_1_102' title='bbox 1889 2731 2041 2783; x_wconf 90' lang='lat' dir='ltr'><strong>sunt.</strong></span> 
     </span>
    </p>
   </div>
   <div class='ocr_carea' id='block_1_8' title="bbox 813 2840 2683 3241">
    <p class='ocr_par' dir='ltr' id='par_1_9' title="bbox 813 2840 2683 3241">
     <span class='ocr_line' id='line_1_19' title="bbox 825 2840 2571 2915; baseline -0.003 -12"><span class='ocrx_word' id='word_1_103' title='bbox 825 2842 1055 2903; x_wconf 68' lang='lat' dir='ltr'><strong>Visztari</strong></span> <span class='ocrx_word' id='word_1_104' title='bbox 1100 2844 1264 2900; x_wconf 78' lang='lat' dir='ltr'><strong>voluit</strong></span> <span class='ocrx_word' id='word_1_105' title='bbox 1305 2849 1508 2899; x_wconf 76' lang='lat' dir='ltr'><strong>terram</strong></span> <span class='ocrx_word' id='word_1_106' title='bbox 1556 2840 1623 2898; x_wconf 82' lang='lat' dir='ltr'><strong>ab</strong></span> <span class='ocrx_word' id='word_1_107' title='bbox 1671 2842 1878 2915; x_wconf 76' lang='lat' dir='ltr'><strong>anyelis</strong></span> <span class='ocrx_word' id='word_1_108' title='bbox 1923 2843 2100 2904; x_wconf 77' lang='lat' dir='ltr'><strong>istam,</strong></span> <span class='ocrx_word' id='word_1_109' title='bbox 2251 2842 2571 2910; x_wconf 76' lang='lat' dir='ltr'><strong>Instr.15‚2</strong></span> 
     </span>
     <span class='ocr_line' id='line_1_20' title="bbox 813 2946 2683 3025; baseline -0.002 -17"><span class='ocrx_word' id='word_1_110' title='bbox 813 2949 1139 3008; x_wconf 80' lang='lat' dir='ltr'><strong>blandiendo</strong></span> <span class='ocrx_word' id='word_1_111' title='bbox 1186 2949 1336 3006; x_wconf 80' lang='lat' dir='ltr'><strong>vobis</strong></span> <span class='ocrx_word' id='word_1_112' title='bbox 1380 2947 1645 3025; x_wconf 76' lang='lat' dir='ltr'><strong>subrepsit</strong></span> <span class='ocrx_word' id='word_1_113' title='bbox 1694 2946 1848 3004; x_wconf 83' lang='lat' dir='ltr'><strong>Evae</strong></span> <span class='ocrx_word' id='word_1_114' title='bbox 1891 2946 2154 3010; x_wconf 74' lang='lat' dir='ltr'><strong>seductor.</strong></span> <span class='ocrx_word' id='word_1_115' title='bbox 2197 2948 2586 3016; x_wconf 79' lang='lat' dir='ltr'><strong>Instr.1129,7.</strong></span> <span class='ocrx_word' id='word_1_116' title='bbox 2680 3006 2683 3010; x_wconf 17' lang='grc' dir='ltr'><strong>Α</strong></span> 
     </span>
     <span class='ocr_line' id='line_1_21' title="bbox 815 3051 2583 3126; baseline -0.003 -13"><span class='ocrx_word' id='word_1_117' title='bbox 815 3054 1125 3113; x_wconf 76' lang='lat' dir='ltr'><strong>occidamus</strong></span> <span class='ocrx_word' id='word_1_118' title='bbox 1171 3054 1401 3111; x_wconf 78' lang='lat' dir='ltr'><strong>iustum!</strong></span> <span class='ocrx_word' id='word_1_119' title='bbox 1450 3052 1688 3109; x_wconf 63' lang='grc' dir='ltr'><strong>αἴκειαν-οε</strong></span> <span class='ocrx_word' id='word_1_120' title='bbox 1736 3071 1849 3110; x_wconf 85' lang='lat' dir='ltr'><strong>esse</strong></span> <span class='ocrx_word' id='word_1_121' title='bbox 1892 3051 2155 3116; x_wconf 65' lang='lat' dir='ltr'><strong>Judaeos.</strong></span> <span class='ocrx_word' id='word_1_122' title='bbox 2255 3055 2426 3126; x_wconf 83' lang='lat' dir='ltr'><strong>Apol.</strong></span> <span class='ocrx_word' id='word_1_123' title='bbox 2465 3058 2583 3112; x_wconf 79' lang='lat'><strong>272.</strong></span> 
     </span>
     <span class='ocr_line' id='line_1_22' title="bbox 814 3159 2584 3241; baseline -0.001 -21"><span class='ocrx_word' id='word_1_124' title='bbox 814 3163 926 3241; x_wconf 76' lang='lat' dir='ltr'><strong>ipsi</strong></span> <span class='ocrx_word' id='word_1_125' title='bbox 949 3181 1008 3220; x_wconf 81' lang='lat' dir='ltr'><strong>se</strong></span> <span class='ocrx_word' id='word_1_126' title='bbox 1029 3162 1369 3239; x_wconf 75' lang='lat' dir='ltr'><strong>subsannent,</strong></span> <span class='ocrx_word' id='word_1_127' title='bbox 1396 3160 1614 3219; x_wconf 68' lang='lat' dir='ltr'><strong>vae&#39;deant</strong></span> <span class='ocrx_word' id='word_1_128' title='bbox 1633 3179 1751 3217; x_wconf 87' lang='lat' dir='ltr'><strong>cum</strong></span> <span class='ocrx_word' id='word_1_129' title='bbox 1771 3161 2019 3236; x_wconf 79' lang='lat' dir='ltr'><strong>impetum</strong></span> <span class='ocrx_word' id='word_1_130' title='bbox 2045 3160 2103 3216; x_wconf 78' lang='lat' dir='ltr'><strong>in</strong></span> <span class='ocrx_word' id='word_1_131' title='bbox 2126 3159 2237 3223; x_wconf 69' lang='lat' dir='ltr'><strong>illo,</strong></span> <span class='ocrx_word' id='word_1_132' title='bbox 2257 3161 2426 3234; x_wconf 83' lang='lat' dir='ltr'><strong>Apol.</strong></span> <span class='ocrx_word' id='word_1_133' title='bbox 2465 3165 2584 3220; x_wconf 84' lang='lat'><strong>506.</strong></span> 
     </span>
    </p>
   </div>
   <div class='ocr_carea' id='block_1_9' title="bbox 495 3279 2626 3872">
    <p class='ocr_par' dir='ltr' id='par_1_10' title="bbox 495 3279 2626 3872">
     <span class='ocr_line' id='line_1_23' title="bbox 711 3279 2621 3350; baseline -0.001 -13"><span class='ocrx_word' id='word_1_134' title='bbox 711 3280 844 3337; x_wconf 91' lang='lat' dir='ltr'><strong>Alia</strong></span> <span class='ocrx_word' id='word_1_135' title='bbox 870 3282 1144 3341; x_wconf 90' lang='lat' dir='ltr'><strong>carmina.</strong></span> <span class='ocrx_word' id='word_1_136' title='bbox 1185 3296 1336 3350; x_wconf 85' lang='lat' dir='ltr'><strong>quae</strong></span> <span class='ocrx_word' id='word_1_137' title='bbox 1365 3279 1768 3337; x_wconf 87' lang='lat' dir='ltr'><strong>Commodiani</strong></span> <span class='ocrx_word' id='word_1_138' title='bbox 1797 3279 2127 3334; x_wconf 91' lang='lat' dir='ltr'><strong>memoriam</strong></span> <span class='ocrx_word' id='word_1_139' title='bbox 2155 3284 2458 3346; x_wconf 84' lang='lat' dir='ltr'><strong>revocent,</strong></span> <span class='ocrx_word' id='word_1_140' title='bbox 2484 3285 2621 3337; x_wconf 90' lang='lat' dir='ltr'><strong>sunt</strong></span> 
     </span>
     <span class='ocr_line' id='line_1_24' title="bbox 495 3369 2626 3440; baseline -0.001 -14"><span class='ocrx_word' id='word_1_141' title='bbox 495 3369 618 3437; x_wconf 88' lang='lat'>900,</span> <span class='ocrx_word' id='word_1_142' title='bbox 663 3372 812 3437; x_wconf 80' lang='lat'>1560,</span> <span class='ocrx_word' id='word_1_143' title='bbox 860 3372 994 3426; x_wconf 85' lang='grc'>1448</span> <span class='ocrx_word' id='word_1_144' title='bbox 1031 3370 1307 3440; x_wconf 86' lang='lat' dir='ltr'><strong>multique</strong></span> <span class='ocrx_word' id='word_1_145' title='bbox 1344 3381 1556 3426; x_wconf 81' lang='lat' dir='ltr'><strong>versus</strong></span> <span class='ocrx_word' id='word_1_146' title='bbox 1596 3370 1842 3439; x_wconf 75' lang='lat' dir='ltr'><strong>singuli;</strong></span> <span class='ocrx_word' id='word_1_147' title='bbox 1899 3371 2239 3439; x_wconf 84' lang='lat' dir='ltr'><strong>plerumque</strong></span> <span class='ocrx_word' id='word_1_148' title='bbox 2276 3386 2310 3424; x_wconf 92' lang='lat' dir='ltr'><strong>a</strong></span> <span class='ocrx_word' id='word_1_149' title='bbox 2352 3369 2626 3426; x_wconf 92' lang='lat' dir='ltr'><strong>Commo—</strong></span> 
     </span>
     <span class='ocr_line' id='line_1_25' title="bbox 497 3458 2620 3529; baseline -0.001 -14"><span class='ocrx_word' id='word_1_150' title='bbox 497 3459 672 3516; x_wconf 91' lang='lat' dir='ltr'><strong>diano</strong></span> <span class='ocrx_word' id='word_1_151' title='bbox 711 3460 793 3516; x_wconf 90' lang='lat' dir='ltr'><strong>ita</strong></span> <span class='ocrx_word' id='word_1_152' title='bbox 833 3459 1136 3517; x_wconf 79' lang='lat' dir='ltr'><strong>differunt.</strong></span> <span class='ocrx_word' id='word_1_153' title='bbox 1178 3464 1240 3516; x_wconf 89' lang='lat' dir='ltr'><strong>ut</strong></span> <span class='ocrx_word' id='word_1_154' title='bbox 1279 3472 1488 3516; x_wconf 83' lang='lat' dir='ltr'><strong>versus</strong></span> <span class='ocrx_word' id='word_1_155' title='bbox 1530 3460 1711 3529; x_wconf 77' lang='lat' dir='ltr'><strong>magis</strong></span> <span class='ocrx_word' id='word_1_156' title='bbox 1752 3460 1927 3516; x_wconf 90' lang='lat' dir='ltr'><strong>etiam</strong></span> <span class='ocrx_word' id='word_1_157' title='bbox 1967 3475 2001 3514; x_wconf 91' lang='lat' dir='ltr'><strong>a</strong></span> <span class='ocrx_word' id='word_1_158' title='bbox 2039 3458 2226 3515; x_wconf 84' lang='lat' dir='ltr'><strong>forma</strong></span> <span class='ocrx_word' id='word_1_159' title='bbox 2267 3459 2487 3515; x_wconf 88' lang='lat' dir='ltr'><strong>usitata</strong></span> <span class='ocrx_word' id='word_1_160' title='bbox 2530 3474 2620 3514; x_wconf 90' lang='lat' dir='ltr'><strong>re-</strong></span> 
     </span>
     <span class='ocr_line' id='line_1_26' title="bbox 495 3547 2621 3619; baseline -0 -16"><span class='ocrx_word' id='word_1_161' title='bbox 495 3548 726 3605; x_wconf 90' lang='lat' dir='ltr'><strong>cedant.</strong></span> <span class='ocrx_word' id='word_1_162' title='bbox 805 3547 978 3619; x_wconf 87' lang='lat' dir='ltr'><strong>Apud</strong></span> <span class='ocrx_word' id='word_1_163' title='bbox 1018 3549 1497 3606; x_wconf 90' lang='lat' dir='ltr'><strong>Commodianum</strong></span> <span class='ocrx_word' id='word_1_164' title='bbox 1538 3564 1653 3617; x_wconf 83' lang='lat' dir='ltr'><strong>quo</strong></span> <span class='ocrx_word' id='word_1_165' title='bbox 1692 3549 1815 3604; x_wconf 81' lang='lat' dir='ltr'><strong>vult</strong></span> <span class='ocrx_word' id='word_1_166' title='bbox 1854 3547 2027 3603; x_wconf 93' lang='lat' dir='ltr'><strong>modo</strong></span> <span class='ocrx_word' id='word_1_167' title='bbox 2068 3549 2464 3604; x_wconf 75' lang='lat' dir='ltr'><strong>hexametrum</strong></span> <span class='ocrx_word' id='word_1_168' title='bbox 2519 3548 2621 3603; x_wconf 91' lang='lat' dir='ltr'><strong>ali-</strong></span> 
     </span>
     <span class='ocr_line' id='line_1_27' title="bbox 496 3636 2619 3707; baseline -0 -14"><span class='ocrx_word' id='word_1_169' title='bbox 496 3639 624 3707; x_wconf 85' lang='lat' dir='ltr'><strong>quis</strong></span> <span class='ocrx_word' id='word_1_170' title='bbox 664 3637 928 3706; x_wconf 89' lang='lat' dir='ltr'><strong>scandat,</strong></span> <span class='ocrx_word' id='word_1_171' title='bbox 968 3640 1023 3694; x_wconf 88' lang='lat' dir='ltr'><strong>in</strong></span> <span class='ocrx_word' id='word_1_172' title='bbox 1063 3639 1155 3695; x_wconf 90' lang='lat' dir='ltr'><strong>his</strong></span> <span class='ocrx_word' id='word_1_173' title='bbox 1193 3637 1464 3695; x_wconf 84' lang='lat' dir='ltr'><strong>versibus</strong></span> <span class='ocrx_word' id='word_1_174' title='bbox 1496 3638 1716 3694; x_wconf 89' lang='lat' dir='ltr'><strong>initium</strong></span> <span class='ocrx_word' id='word_1_175' title='bbox 1758 3641 1818 3694; x_wconf 89' lang='lat' dir='ltr'><strong>et</strong></span> <span class='ocrx_word' id='word_1_176' title='bbox 1843 3636 1980 3692; x_wconf 79' lang='lat' dir='ltr'><strong>finis</strong></span> <span class='ocrx_word' id='word_1_177' title='bbox 2009 3638 2328 3693; x_wconf 75' lang='lat' dir='ltr'><strong>hexametri</strong></span> <span class='ocrx_word' id='word_1_178' title='bbox 2373 3636 2619 3692; x_wconf 82' lang='lat' dir='ltr'><strong>formam</strong></span> 
     </span>
     <span class='ocr_line' id='line_1_28' title="bbox 496 3725 2621 3793; baseline 0 -12"><span class='ocrx_word' id='word_1_179' title='bbox 496 3725 807 3793; x_wconf 85' lang='lat' dir='ltr'><strong>imitantur,</strong></span> <span class='ocrx_word' id='word_1_180' title='bbox 848 3726 957 3783; x_wconf 89' lang='lat' dir='ltr'><strong>sed</strong></span> <span class='ocrx_word' id='word_1_181' title='bbox 982 3727 1205 3782; x_wconf 90' lang='lat' dir='ltr'><strong>medius</strong></span> <span class='ocrx_word' id='word_1_182' title='bbox 1232 3738 1441 3782; x_wconf 81' lang='lat' dir='ltr'><strong>versus</strong></span> <span class='ocrx_word' id='word_1_183' title='bbox 1470 3726 1783 3782; x_wconf 80' lang='lat' dir='ltr'><strong>dehiscens</strong></span> <span class='ocrx_word' id='word_1_184' title='bbox 1819 3726 1872 3781; x_wconf 91' lang='lat' dir='ltr'><strong>in</strong></span> <span class='ocrx_word' id='word_1_185' title='bbox 1912 3741 2238 3781; x_wconf 89' lang='lat' dir='ltr'><strong>sermonem</strong></span> <span class='ocrx_word' id='word_1_186' title='bbox 2266 3726 2621 3782; x_wconf 89' lang='lat' dir='ltr'><strong>cotidianum</strong></span> 
     </span>
     <span class='ocr_line' id='line_1_29' title="bbox 495 3816 722 3872; baseline -0.004 0"><span class='ocrx_word' id='word_1_187' title='bbox 495 3816 722 3872; x_wconf 88' lang='lat' dir='ltr'><strong>transit.</strong></span> 
     </span>
    </p>
   </div>
   <div class='ocr_carea' id='block_1_10' title="bbox 694 3942 2587 4109">
    <p class='ocr_par' dir='ltr' id='par_1_11' title="bbox 694 3942 2587 4109">
     <span class='ocr_line' id='line_1_30' title="bbox 709 3942 1708 4011; baseline -0.001 -14"><span class='ocrx_word' id='word_1_188' title='bbox 709 3942 769 4011; x_wconf 80' lang='lat'><strong>5)</strong></span> <span class='ocrx_word' id='word_1_189' title='bbox 1701 3988 1708 3996; x_wconf 94' lang='lat'><strong>.</strong></span> 
     </span>
     <span class='ocr_line' id='line_1_31' title="bbox 694 4033 2587 4109; baseline 0 -16"><span class='ocrx_word' id='word_1_190' title='bbox 694 4033 922 4109; x_wconf 78' lang='lat' dir='ltr'><strong>florenti</strong></span> <span class='ocrx_word' id='word_1_191' title='bbox 965 4038 1015 4094; x_wconf 78' lang='lat' dir='ltr'><strong>si</strong></span> <span class='ocrx_word' id='word_1_192' title='bbox 1062 4053 1170 4094; x_wconf 85' lang='lat' dir='ltr'><strong>non</strong></span> <span class='ocrx_word' id='word_1_193' title='bbox 1216 4034 1535 4095; x_wconf 75' lang='lat' dir='ltr'><strong>succederet</strong></span> <span class='ocrx_word' id='word_1_194' title='bbox 1578 4034 1807 4093; x_wconf 78' lang='lat' dir='ltr'><strong>invidia.</strong></span> <span class='ocrx_word' id='word_1_195' title='bbox 2412 4039 2587 4106; x_wconf 62' lang='lat'><strong>9653.</strong></span> 
     </span>
    </p>
   </div>
   <div class='ocr_carea' id='block_1_11' title="bbox 498 4212 922 4219">
    <p class='ocr_par' dir='ltr' id='par_1_12' title="bbox 498 4212 922 4219">
     <span class='ocr_line' id='line_1_32' title="bbox 498 4212 922 4219; baseline 0 0"><span class='ocrx_word' id='word_1_196' title='bbox 498 4212 922 4219; x_wconf 95' lang='lat' dir='ltr'><strong> </strong></span> 
     </span>
    </p>
   </div>
   <div class='ocr_carea' id='block_1_12' title="bbox 714 4311 2537 4368">
    <p class='ocr_par' dir='ltr' id='par_1_13' title="bbox 714 4311 2537 4368">
     <span class='ocr_line' id='line_1_33' title="bbox 714 4311 2537 4368; baseline -0.001 -12"><span class='ocrx_word' id='word_1_197' title='bbox 714 4313 754 4362; x_wconf 88' lang='lat'><strong>1)</strong></span> <span class='ocrx_word' id='word_1_198' title='bbox 788 4311 1197 4356; x_wconf 85' lang='lat' dir='ltr'><strong>Commodianus:</strong></span> <span class='ocrx_word' id='word_1_199' title='bbox 1227 4326 1364 4368; x_wconf 89' lang='lat' dir='ltr'><strong>corp.</strong></span> <span class='ocrx_word' id='word_1_200' title='bbox 1396 4326 1496 4357; x_wconf 87' lang='lat' dir='ltr'><strong>scr.</strong></span> <span class='ocrx_word' id='word_1_201' title='bbox 1520 4315 1693 4358; x_wconf 84' lang='lat' dir='ltr'><strong>eccles.</strong></span> <span class='ocrx_word' id='word_1_202' title='bbox 1751 4315 1837 4357; x_wconf 87' lang='lat' dir='ltr'><strong>lat.</strong></span> <span class='ocrx_word' id='word_1_203' title='bbox 1868 4316 1968 4357; x_wconf 87' lang='lat' dir='ltr'><strong>vol.</strong></span> <span class='ocrx_word' id='word_1_204' title='bbox 2029 4312 2140 4364; x_wconf 86' lang='lat' dir='ltr'><strong>XV,</strong></span> <span class='ocrx_word' id='word_1_205' title='bbox 2171 4314 2247 4356; x_wconf 87' lang='lat' dir='ltr'><strong>ed.</strong></span> <span class='ocrx_word' id='word_1_206' title='bbox 2275 4312 2537 4356; x_wconf 85' lang='lat' dir='ltr'><strong>Dombart.</strong></span> 
     </span>
    </p>
   </div>
   <div class='ocr_carea' id='block_1_13' title="bbox 2959 4221 2963 4900">
    <p class='ocr_par' dir='ltr' id='par_1_14' title="bbox 2959 4221 2963 4900">
     <span class='ocr_line' id='line_1_34' title="bbox 2959 4221 2963 4900; baseline 0 0"><span class='ocrx_word' id='word_1_207' title='bbox 2959 4221 2963 4900; x_wconf 95' lang='lat' dir='ltr'><strong> </strong></span> 
     </span>
    </p>
   </div>
  </div>
 </body>
</html>
