2984 4925
587 907 680 989 V.
739 906 863 985 De
921 909 1230 986 ratione
1286 910 1492 986 inter
1550 897 1957 987 clausulas
2017 881 2307 1010 prioris
2369 997 2372 1002 ¹
2479 902 2485 908 ’

628 1037 709 1110 et
765 1034 1095 1110 alterius
1163 1034 1625 1110 hemistichii
1682 1035 2266 1113 intercedente.

488 1222 494 1228 ,
599 1164 656 1220 1η
701 1165 811 1221 hac
849 1169 1018 1234 parte
1045 1163 1230 1222 Ovidi
1259 1168 1385 1224 tres
1423 1164 1588 1222 Artis
1617 1164 1798 1221 libros
1836 1169 2097 1222 tractare
2125 1167 2272 1223 satis
2300 1128 2514 1227 habeo,

386 1252 686 1310 Clausulis
724 1253 1034 1325 bisyllabis
1071 1254 1220 1310 haec
1258 1254 1441 1310 verba
1480 1257 1885 1325 respondent:
1978 1327 1982 1332 ἢ

439 1342 668 1399 distich.
694 1358 841 1399 num.
882 1360 970 1412 sp.
1012 1345 1141 1402 mol.
1181 1359 1351 1414 anap.
1390 1344 1550 1399 chor.
1591 1346 1759 1407 iamb.
1800 1346 2104 1415 monosyll.
2148 1345 2291 1416 plur.
2308 1345 2438 1417 syll.
2462 1358 2517 1402 v.

386 1430 500 1487 Ars
612 1429 775 1487 1385
837 1429 973 1496 1146
1046 1432 1117 1488 54
1218 1431 1314 1486 106
1437 1431 1508 1488 42
1633 1434 1697 1489 17
1917 1432 1983 1493 13
2302 1434 2337 1488 7

588 1519 778 1577 11373
876 1519 974 1580 158
1047 1518 1119 1578 49
1245 1520 1316 1577 9³.
1439 1514 1510 1577 37
1635 1522 1685 1576 11
1920 1519 1981 1578 16
2242 1571 2247 1575 .
2303 1523 2339 1581 8

565 1607 633 1665 111
671 1606 778 1666 406
876 1609 972 1665 187
1044 1608 1114 1664 67
1246 1610 1317 1665 97
1435 1608 1500 1665 31
1632 1611 1691 1666 11
1914 1612 1982 1670 10
2253 1668 2258 1672 ,
2302 1611 2339 1667 3

642 1685 813 1756 1'1‘6‘4u
867 1686 976 1756 19'1‘
1028 1684 1140 1755 '1‘75
1210 1686 1317 1756 ff
1417 1685 1528 1755 ῖῖὸ
1625 1687 1698 1758 ἒξ
1910 1688 1982 1757 ἔξ)
2284 1688 2356 1758 Ti}

596 1788 959 1860 Saepissime
998 1798 1143 1859 ergo
1180 1793 1498 1845 occurrunt
1536 1790 1818 1860 spondei3
1860 1794 2142 1846 secuntur
2179 1773 2504 1861 anapaesti,

388 1880 646 1943 molossi,
687 1878 1027 1944 choriambi,
1069 1878 1242 1934 iambi
1283 1882 1397 1934 etc.

598 1967 691 2025 De
729 1966 1003 2038 singulis
1042 1976 1230 2036 agam.

602 2056 654 2126 1)
697 2058 771 2113 de
808 2055 1140 2129 spondeis.

595 2145 885 2202 Interdum
902 2146 1132 2212 accidit,
1156 2149 1219 2203 ut
1240 2145 1595 2218 spondeum
1621 2144 2129 2216 monosyllabum
2150 2145 2512 2216 antecedat,

385 2236 440 2290 in
480 2234 642 2291 Artis
681 2235 832 2292 libro
870 2235 888 2291 1
928 2236 1092 2304 551es‚
1133 2235 1174 2291 11
1209 2233 1383 2304 78ἰθε,
1423 2235 1487 2291 111
1528 2234 1695 2292 76ies,

575 2319 762 2381 'Talia
798 2325 1043 2382 verbula
1082 2325 1244 2397 parvi
1285 2319 1568 2396 ponderis
1608 2341 1747 2382 esse
1785 2327 1996 2392 solent,
2062 2326 2155 2382 vel
2194 2325 2501 2397 praeposi-

382 2414 576 2470 tiones
638 2415 731 2471 vel
794 2413 947 2472 aliae
1008 2425 1192 2472 voces
1254 2419 1319 2473 ut
1346 2432 1358 2472 ζ
1390 2424 1510 2474 tam.
1530 2425 1595 2479 et,
1626 2435 1753 2480 cum,
1781 2435 1905 2476 sum,
1936 2434 2099 2480 quam,
2129 2434 2245 2474 non.
2272 2422 2333 2478 si,
2364 2417 2512 2478 quaa‘.

381 2503 493 2556 hac,
523 2503 617 2557 his„
642 2503 728 2557 sit,
757 2515 868 2558 nec,
899 2503 1049 2559 quod,
1089 2505 1224 2559 sunt,
1254 2506 1385 2560 plus,
1413 2505 1502 2556 nil,
1533 2507 1683 2561 quod,
1713 2506 1784 2560 at,
1826 2505 1934 2560 sed,
1964 2517 2112 2560 quae.
2154 2504 2287 2560 dum,
2315 2505 2412 2559 est,
2440 2505 2516 2558 te,

383 2583 457 2632 fit.
487 2584 614 2638 quis,
644 2597 688 2631 a.
746 2575 903 2633 Raro
941 2576 1125 2632 verba
1163 2577 1434 2646 graviora
1473 2582 1794 2634 occurrunt
1830 2582 1925 2634 ut:

595 2692 828 2749 corpora
850 2693 868 2730 .·
921 2670 1082 2728 Mars
1122 2669 1364 2728 Thracen
1395 2680 1642 2748 occupat,
1697 2672 1789 2729 illa
1823 2670 2095 2748 Paphum.
2135 2673 2263 2757 ⁴Ars
2309 2673 2350 2729 11
2388 2664 2515 2747 588,

591 2773 650 2829 ln
702 2774 917 2829 tertiae
978 2770 1140 2828 Artis
1218 2772 1368 2828 libro
1428 2773 1663 2829 insunt:
1723 2792 1823 2833 ars,
1852 2771 2044 2826 mens.'
2095 2771 2260 2828 Haec
2319 2771 2503 2827 verba

376 2862 781 2934 monosyllaba
807 2877 935 2918 cum
963 2861 1230 2932 spondeo
1258 2866 1387 2918 arte
1413 2852 1753 2928 cohaerent,
1781 2862 1863 2917 ita
1889 2866 1953 2918 ut
1981 2861 2146 2932 quasi
2190 2859 2511 2919 molossum

376 2950 633 3020 faciant3
697 2967 831 3008 raro
885 2950 1347 3022 monosyllabum
1400 2951 1698 3009 sententia
1754 2967 1790 3008 a
1846 2949 2115 3021 spondeo
2174 2952 2511 3021 separatum

377 3044 474 3097 est
515 3044 612 3098 ut:

598 3124 847 3194 Pessima
891 3136 979 3193 sit.
1029 3133 1160 3192 nulli
1192 3154 1299 3192 non
1342 3153 1444 3192 saa
1472 3136 1665 3210 forma
1704 3135 1897 3211 placet.
2147 3122 2160 3137 Χ
2183 3137 2299 3193 Ars
2337 3135 2356 3192 1
2392 3137 2516 3193 614.

558 3234 648 3295 ν2)
687 3235 762 3295 de
801 3234 1215 3313 anapaestis.
2037 3238 2040 3245 “
2103 3248 2107 3252 ·

591 3325 811 3384 Eadem
848 3324 981 3382 fere
1019 3324 1421 3395 monosyllaba
1460 3324 1518 3380 in
1558 3324 1902 3395 anapaestis
1930 3330 2217 3383 occurunt
2255 3340 2406 3396 quae
2443 3325 2500 3394 in

384 3413 683 3485 spondeis,
758 3414 1032 3472 Notanda
1059 3418 1230 3471 sunt:
1269 3433 1369 3471 ars.
1398 3421 1598 3474 teme).
1628 3434 1741 3477 pax,
1770 3422 1965 3474 minoe).
2022 3412 2280 3471 Verbum
2307 3429 2527 3471 monos--

380 3504 666 3575 syllabum
706 3506 1003 3562 sententia
1040 3505 1116 3562 ab
1156 3509 1486 3576 anapaesto
1528 3509 1857 3575 separatur.
1944 3578 1950 3583 ὗ

589 3597 685 3656 Ille
731 3618 829 3676 390
873 3602 998 3676 sim,
1047 3607 1260 3657 teneras
1306 3602 1393 3657 σαὶ
1436 3605 1584 3675 petat
1627 3617 1804 3672 unque
1846 3616 2033 3673 yenas.
2316 3600 2356 3656 11
2394 3599 2505 3657 452

591 3699 728 3769 Quo
765 3700 954 3759 artius
992 3706 1354 3773 anapaestus
1393 3705 1455 3758 et
1493 3699 1958 3771 monosyllabum
1996 3699 2311 3757 coniuncta
2349 3702 2503 3766 sunt,

376 3805 451 3847 eo
490 3791 696 3847 melius
735 3790 1232 3848 hemistichiorum
1271 3790 1647 3848 concinnitas
1687 3793 1955 3861 apparet.
2444 3810 2450 3815 ·

595 3879 657 3949 3)
734 3879 1289 3949 Congruentissima
1353 3881 1703 3951 pentametri
1780 3879 2036 3936 membra
2098 3874 2530 3937 choriambus·

383 3968 578 4025 reddit
615 3972 714 4026 ut:
2465 3986 2466 3989 ’

589 4062 814 4122 Mobilis
861 4063 1144 4140 aequoreis
1184 4065 1360 4139 pinna
1405 4062 1668 4122 madescit
1713 4065 1889 4139 aquis.
2344 4065 2386 4122 11
2420 4063 2513 4123 62:

587 4163 647 4232 4)
670 4164 870 4222 Voces
908 4180 943 4220 e
981 4162 1275 4237 pluribus
1313 4180 1481 4234 quam
1522 4165 1824 4235 quattuor
1863 4164 2130 4235 syllabis
2149 4168 2244 4223 vel
2280 4163 2428 4223 aliis
2467 4179 2505 4222 e

375 4260 653 4335 pedibus
709 4263 1321 4334 compositae-rarae,
1371 4267 1543 4323 sunt:
1601 4262 1622 4323 1
1673 4260 1778 4320 226
1816 4259 1940 4316 urbs
1971 4262 2043 4318 .in
2093 4260 2510 4329 Achaemeniis3
