2984 4925
740 920 864 1000 Vl.
921 920 1047 1000 De
1104 923 1395 1023 prioris
1470 924 1931 1002 hemistichii
1989 924 2348 1004 elisione.

703 1079 1070 1151 Quicumque
1161 1082 1381 1152 aliquot
1455 1081 1678 1160 Vergili
1751 1081 2050 1141 Aeneidos
2107 1084 2355 1155 paginas
2425 1086 2614 1156 perle-

494 1170 661 1239 gerit,
702 1170 985 1227 elisiones
1041 1171 1095 1226 in
1136 1171 1307 1227 huius
1346 1176 1564 1243 poetae
1601 1173 1955 1229 hexametris
1994 1189 2107 1229 non
2148 1177 2314 1231 raras·
2353 1190 2492 1231 esse
2530 1174 2611 1230 in-

489 1258 704 1319 veniet.
778 1257 1028 1316 Ovidius
1079 1259 1155 1316 ab
1208 1259 1471 1330 Vergilio
1524 1261 1606 1317 ita
1667 1259 1887 1328 differt,
1950 1266 2015 1319 ut
2071 1262 2375 1322 elisionem
2433 1264 2614 1321 multo

490 1348 681 1406 rarius
719 1349 1004 1408 admittat.

701 1456 826 1514 Hac
888 1458 943 1514 in
1000 1462 1182 1529 parte,
1247 1458 1538 1528 quomodo
1593 1458 1749 1531 apud
1807 1474 1936 1515 eum
1991 1459 2208 1530 prioris
2264 1459 2613 1517 hemistichii

490 1547 731 1603 vocales
770 1547 1077 1616 elidantur,
1116 1548 1442 1610 ostendam,
1520 1548 1698 1620 Quod
1737 1553 1799 1606 ut
1839 1549 2187 1620 cognoscas,
2241 1550 2497 1610 tabulam
2551 1551 2614 1608 li·

490 1635 740 1704 brorum,
783 1636 837 1693 in
879 1653 1027 1708 quos
1069 1635 1351 1707 inquisivi.
1381 1633 1566 1698 facio,

1104 1745 1122 1801 1
1161 1745 1349 1803 thesis
1584 1745 1623 1802 11
1662 1741 1814 1802 arsis
2047 1745 2088 1801 ll
2125 1745 2315 1803 thesis

487 1840 600 1884 Am.
671 1832 689 1888 l
1211 1837 1248 1891 8
1408 1833 1413 1838 ’
1670 1835 1707 1892 7
1985 1871 1988 1876 -
2131 1835 2167 1894 5
2276 1847 2280 1854 ‘

488 1930 606 1974 Her.
634 1942 709 1985 pr.
738 1939 828 1975 sex
853 1939 931 1986 ep.
1179 1926 1245 1982 10
1668 1928 1704 1981 7
2129 1928 2166 1982 8

490 2019 643 2064 Trist.
673 2012 691 2069 1
1207 2016 1244 2071 4
1669 2017 1727 2071 8-
2138 2016 2160 2072 l

709 2228 901 2286 Prima
953 2231 1142 2287 thesis
1195 2235 1255 2287 et
1322 2231 1514 2288 altera
1563 2232 1717 2288 arsis
1765 2231 2012 2287 eundem
2069 2230 2462 2301 exemplorum
2510 2246 2613 2286 nu-

490 2334 706 2374 merum
746 2319 981 2376 habent.
1058 2318 1317 2377 Tertiam
1370 2320 1545 2377 arsim
1597 2321 1653 2376 in
1692 2319 1894 2378 tabula
1932 2336 2048 2377 non
2088 2321 2286 2391 posui;
2348 2320 2613 2390 exempla

490 2407 631 2465 talia
669 2412 831 2466 Sunt:
863 2418 958 2462 dur
931 2430 991 2462 ro
1019 2424 1109 2472 est,
1138 2430 1290 2463 caesa
1319 2420 1410 2471 est,
1438 2419 1627 2472 pavido
1657 2426 1745 2472 est,
1775 2418 1821 2462 ln
1794 2420 1960 2474 ngenli
1990 2423 2080 2463 est

703 2496 951 2556 Primum
1012 2517 1316 2571 numquam
1357 2500 1639 2573 syllabam
1681 2501 1927 2570 longam,
1968 2498 2181 2558 deinde
2219 2514 2455 2570 semper
2483 2497 2613 2555 fere

491 2601 526 2642 e
565 2585 747 2644 breve
785 2589 921 2645 elidi
960 2590 1275 2647 notandum
1317 2594 1426 2647 est.
1505 2588 1782 2660 Syllabas
1839 2589 2046 2659 longas
2088 2588 2265 2658 igitur
2301 2589 2357 2644 in
2416 2588 2613 2657 priore

490 2677 842 2745 pentametri
907 2678 1273 2735 hemistichio
1312 2678 1537 2736 elidere
1576 2677 1827 2736 Ovidius
1890 2677 2134 2744 dubitat,
2159 2677 2229 2732 in
2259 2676 2614 2733 hexametris

491 2767 823 2822 ceterorum
864 2771 1167 2838 poetarum
1208 2769 1530 2840 exemplum
1571 2773 1815 2825 secutus
1855 2771 1964 2824 est.

706 2872 1020 2942 Quomodo
1077 2876 1133 2932 in
1183 2876 1292 2933 hac
1338 2892 1402 2933 re
1459 2874 1745 2935 carmina
1804 2874 2214 2948 epigraphica
2264 2875 2338 2931 ab
2397 2873 2612 2933 Ovidio

490 2958 789 3029 recedant,
827 2962 1027 3020 tabula
1065 2964 1389 3021 illustrabo,

916 3070 1149 3117 elisionum
1121 3083 1250 3115 nm
1271 3072 1291 3115 1
1313 3083 1411 3116 ars.
1443 3072 1465 3116 Ι
1480 3071 1553 3114 th.
1574 3071 1620 3115 II
1634 3082 1733 3115 ars.
1761 3069 1807 3114 11
1826 3070 1898 3113 th.
1916 3068 2091 3113 111ars.
2124 3070 2235 3123 syn.
2257 3070 2387 3121 long.
2407 3071 2547 3112 brev.
2563 3079 2613 3111 m

490 3158 642 3191 carm.
671 3155 770 3192 ant.
1093 3142 1128 3201 4
1312 3175 1378 3184 -
1469 3146 1506 3204 2
1654 3144 1677 3200 1
1813 3142 1836 3198 l
1967 3139 2003 3197 3
2233 3139 2269 3196 2
2463 3139 2499 3196 2
2546 3170 2612 3180 —-

490 3247 636 3280 carm.
668 3236 835 3293 Pomp.
1091 3232 1128 3290 2
1310 3267 1375 3274 —
1472 3238 1504 3294 1
1653 3232 1677 3288 1
1776 3263 1839 3271 -
1938 3260 1994 3269 -
2201 3260 2264 3272 -

674 3340 737 3382 Pr
786 3342 916 3373 saec.
1057 3322 1128 3379 73
1342 3322 1378 3380 3
1438 3322 1504 3381 18
1581 3320 1683 3383 ,42
1808 3321 1842 3377 7
1931 3350 2001 3358 —
2203 3317 2260 3374 ll
2426 3317 2499 3374 35
2541 3317 2613 3375 27

690 3422 775 3464 alt.
833 3451 860 3473 ‚‚
1056 3411 1127 3468 38
1312 3446 1372 3453 -
1467 3412 1505 3468 9
1611 3411 1682 3469 24
1806 3411 1842 3467 5
1934 3438 1998 3447 -·
2200 3407 2261 3469 11
2434 3407 2499 3465 19
2576 3408 2613 3464 8

652 3513 766 3552 tert.
835 3542 845 3557 .
1057 3499 1127 3558 36
1309 3530 1375 3540 —
1467 3499 1501 3558 6
1610 3501 1681 3557 27
1806 3497 1842 3555 2
1971 3497 1996 3552 1
2199 3496 2268 3558 13
2431 3497 2498 3554 13
2548 3495 2613 3553 10

490 3601 804 3652 quart-sept.
835 3630 859 3651 ,.
1093 3588 1129 3645 4
1312 3621 1373 3628 -
1473 3591 1498 3646 1
1645 3590 1682 3647 3
1771 3617 1839 3628 -·-·
1936 3615 1996 3624 -·
2086 3568 2100 3620 Ἰ
2231 3588 2267 3645 2
2467 3586 2490 3642 l
2583 3585 2607 3641 1

480 3686 674 3739 ,fragm
1063 3677 1129 3734 14
1348 3677 1373 3734 l
1473 3679 1497 3735 1
1615 3677 1682 3734 12
1774 3708 1838 3716 -
1932 3709 1999 3720 -
2232 3678 2267 3733 7
2467 3674 2490 3731 1
2578 3672 2613 3732 6

493 3788 645 3820 carm.
676 3777 860 3821 Christ.
1057 3767 1129 3824 32
1311 3797 1376 3806 —
1420 3784 1427 3789 “
1467 3768 1503 3823 7
1610 3766 1674 3823 21
1807 3765 1842 3822 4
1938 3800 1991 3808 -
2231 3767 2267 3823 9
2430 3764 2497 3820 15
2543 3763 2614 3848 —8-

1021 3845 1130 3914 2*OE
1307 3844 1378 3911 -ῑ
1430 3844 1503 3913 4-5
1574 3845 1680 3913 ffl
1777 3855 1841 3913 19
1931 3846 2002 3914 ἿῙ
2194 3843 2267 3913 5-5
2424 3842 2496 3912 ἓξ
2540 3853 2613 3909 62

2431 3228 2736 3284 ...2,

706 3964 793 4021 Ac
832 3965 1071 4037 primum
1113 3963 1340 4035 quidem
1380 3964 1620 4020 vocales
1659 3966 1893 4022 omnino
1931 3964 2197 4022 crebrius
2236 3962 2371 4021 elidi
2411 3960 2611 4020 tabula
2725 3987 2733 3995 ·

491 4059 795 4116 monstrat.
869 4054 1018 4111 Cum
1072 4055 1228 4126 apud
1266 4053 1538 4112 Ovidium
1580 4055 1634 4111 in
1676 4056 1945 4112 versibus
1984 4055 2219 4111 circiter
2263 4055 2398 4110 1200
2437 4053 2605 4108 elisio

492 4149 765 4202 occurrat
821 4145 982 4212 551es,
1034 4146 1088 4201 in
1153 4144 1361 4201 eodem
1423 4146 1737 4203 carminum
1800 4145 2304 4215 epigraphicorum
2370 4158 2610 4200 numero

493 4235 751 4291 occurrit
788 4234 1094 4291 ducenties
1133 4238 1241 4291 ter.
1317 4233 1550 4291 Deinde
1587 4250 1704 4290 non
1744 4235 1928 4290 solum
1956 4233 2170 4289 breves
2208 4233 2463 4298 vocaleS‚
2505 4232 2613 4288 sed

495 4322 667 4379 etiam
696 4324 909 4395 longae
936 4322 1247 4391 eliduntur,
1285 4323 1375 4380 his
1402 4324 1642 4394 saepius
1676 4338 1760 4391 m;
1796 4322 1851 4378 in
1888 4320 2166 4379 brevibus
2193 4322 2228 4377 e
2253 4325 2369 4377 tam
2398 4319 2614 4378 crebro
