2984 4925
1381 318 1731 373 ..56-

703 492 932 550 Tabula
984 493 1254 553 Ovidium
1311 494 1498 551 verba
1555 494 1800 551 iambica
1856 511 1973 551 non
2027 500 2143 552 tam
2199 494 2398 552 timide
2452 512 2621 566 quam

488 581 779 639 Tibullum
823 585 1048 640 vitasse
1085 584 1281 650 docet,
1323 599 1664 654 quamquam
1704 584 1971 655 exempla
2007 585 2188 642 multo
2228 585 2419 641 rarius
2456 600 2625 655 quam

486 672 644 743 apud
669 670 1041 743 Propertium
1080 678 1411 729 occurrunt.
1478 670 1818 739 Quaeritur,
1856 688 1963 728 cur
1982 671 2250 729 Tibullus
2288 676 2350 729 et
2374 671 2626 730 Ovidius

487 761 636 816 haec
673 760 856 816 verba
896 761 1087 817 rarius
1123 760 1482 821 admiserint.
1559 760 1786 817 Poetae
1824 765 1887 817 et
1926 762 2151 817 metrici
2195 766 2621 833 pentametrum

487 864 659 904 unum
707 861 941 905 versum
1000 865 1140 906 esse
1185 849 1512 906 voluerunt.
1604 847 1890 906 Clausula
1952 850 2242 922 bisyllaba
2305 851 2360 906 in
2423 851 2622 922 priore

486 938 857 995 hemistichio
895 940 1092 1010 posita
1132 945 1439 1008 utrumque
1478 939 1826 1011 pentametri
1878 939 2192 995 membrum
2239 940 2445 996 eadem
2491 938 2625 996 fere

482 1025 690 1094 forma,
750 1027 957 1098 eadem
1014 1029 1217 1100 specie
1275 1031 1421 1084 erat.
1521 1026 1720 1083 Facile
1782 1027 1991 1096 aliquis
2055 1031 2482 1100 pentametrum
2546 1043 2620 1084 ex

486 1114 718 1172 duobus
758 1118 964 1185 aequis
1003 1117 1278 1173 membris
1324 1119 1604 1173 constare
1656 1116 1852 1172 dicere
1909 1121 2160 1187 poterat.
2236 1116 2365 1174 Hoc
2418 1120 2614 1174 autem

484 1206 535 1260 si
575 1205 705 1274 quis
744 1206 1066 1272 statuebat,
1108 1212 1169 1262 et
1206 1204 1490 1277 syllabam
1529 1204 1845 1274 ancipitem
1885 1205 1939 1260 in
1988 1205 2201 1276 prioris
2240 1207 2352 1262 coli
2392 1204 2515 1260 fine
2554 1208 2616 1261 et

483 1294 699 1350 hiatum
741 1298 803 1351 et
842 1295 1143 1365 spondeos
1180 1296 1236 1351 in
1276 1295 1465 1351 altero
1505 1293 1765 1351 membro
1804 1294 2115 1350 admittere
2164 1294 2444 1354 debebat.
2527 1292 2624 1349 Ti·

487 1382 683 1438 bullus
722 1388 779 1440 et
809 1381 1061 1440 Ovidius
1099 1384 1343 1454 quidem,
1386 1398 1728 1453 quamquam
1767 1382 1947 1438 verba
1984 1381 2230 1439 iambica
2271 1386 2618 1454 posuerunt,

485 1468 560 1526 ad
578 1475 842 1528 extrema
858 1488 973 1528 non
1002 1472 1453 1537 descenderunt,
1488 1471 1600 1528 sed
1628 1471 2019 1542 posteriorum
2048 1476 2370 1541 temporum
2397 1474 2616 1543 poetae

483 1560 576 1616 vel
598 1560 1063 1630 versificatores,
1090 1577 1242 1631 quae
1269 1576 1447 1632 supra
1472 1561 1690 1626 notavi,
1711 1560 2021 1616 admittere
2046 1577 2160 1617 non
2183 1561 2617 1621 dubitaverunt.

696 1649 987 1706 Numeros
1026 1651 1265 1707 tabulae
1303 1650 1353 1706 si
1392 1651 1846 1720 comparaveriS,
1887 1650 2040 1705 inter
2079 1650 2276 1720 priora
2316 1654 2376 1707 et
2413 1654 2614 1722 poste-

482 1738 639 1793 riora
677 1740 935 1795 carmina
973 1755 1087 1794 non
1129 1740 1365 1795 multum
1405 1741 1705 1795 interesse
1744 1739 2025 1794 invenies
2090 1738 2285 1795 Primo
2304 1739 2615 1796 Fastorum

484 1824 632 1881 libro
671 1831 925 1898 excepto
963 1829 1183 1884 numeri
1224 1827 1336 1884 sibi
1377 1832 1673 1885 constant.
2535 1897 2541 1902 ¹

472 1910 479 1918 '
695 1914 979 1983 Quamvis
1004 1918 1080 1974 de
1116 1918 1373 1974 numeris
1412 1918 1565 1974 inter
1604 1916 1834 1986 singula
1874 1932 2056 1987 opera
2093 1917 2232 1973 nihil
2268 1915 2399 1972 fere
2436 1916 2614 1972 inter-

480 2005 575 2072 sit,
614 2009 809 2061 tamen
851 2005 1006 2063 inter
1044 2007 1173 2078 ipsa
1212 2007 1476 2078 exempla
1515 2006 1732 2075 aliquid
1770 2006 2067 2062 interesse
2104 2006 2390 2062 existimo

696 2092 891 2165 Supra
966 2093 1239 2152 Ovidium
1301 2097 1484 2153 verba
1560 2095 1807 2153 iambica
1884 2094 2311 2165 quodammodo
2383 2094 2607 2150 vitasse

480 2181 611 2238 dixi.
712 2181 776 2239 Si
843 2184 1059 2254 posuit,
1121 2187 1475 2243 sententiam
1548 2186 1811 2242 breviter
1882 2187 2208 2254 arguteque
2283 2184 2611 2254 exprimere

476 2270 695 2338 voluit3
759 2271 835 2328 ad
908 2274 1059 2330 hanc
1132 2291 1253 2330 rem
1329 2273 1706 2332 efficiendam
1784 2272 2167 2329 membrorum
2242 2273 2613 2329 concinnitas

481 2361 723 2417 maxime
778 2360 989 2418 idonea
1046 2368 1193 2419 erat.
1272 2361 1409 2431 Quo
1464 2362 1556 2428 fit,
1613 2366 1677 2418 ut
1740 2362 1917 2417 multa
1980 2362 2234 2432 priorum
2297 2360 2611 2417 carminum

479 2449 749 2521 exempla
778 2451 1070 2521 gravitate
1106 2452 1352 2522 quadam
1390 2468 1508 2510 non
1549 2454 1808 2507 careant.
1882 2449 1940 2505 ln
1968 2449 2132 2506 libris
2159 2446 2609 2521 posterioribus,

479 2540 799 2610 praecipue
838 2541 893 2596 in
933 2539 1247 2607 Tristibus,
1286 2543 1434 2598 haec
1473 2539 1739 2611 exempla
1778 2540 1957 2595 multo
1996 2539 2221 2595 rariora
2265 2542 2422 2596 sunt.

691 2627 905 2686 Omnia
961 2631 1138 2701 igitur
1194 2631 1462 2702 exempla
1518 2628 1812 2687 Ovidiana
1869 2627 1925 2683 in
1985 2626 2135 2684 duas
2184 2631 2389 2698 partes
2434 2624 2609 2682 dividi

484 2722 751 2788 possunt,

692 2808 935 2879 primum
993 2809 1047 2864 in
1107 2809 1373 2881 exempla
1426 2806 1768 2881 simplicia,
1827 2808 1882 2864 in
1940 2807 2153 2876 quibus
2208 2806 2423 2861 nullum
2479 2803 2612 2860 fere

476 2896 623 2953 artis
664 2897 999 2954 rhetoricae
1036 2898 1348 2969 vestigium
1387 2902 1655 2970 apparet,

688 2985 904 3042 deinde
944 2987 999 3042 in
1039 2988 1305 3058 exempla
1342 2985 1725 3057 artificiosa,
1766 3003 1917 3057 quae
1956 2990 2191 3059 poetam
2236 2989 2368 3041 arte
2404 2986 2603 3040 rheto-

425 3091 439 3115 ν
479 3074 600 3130 rica
641 3073 918 3132 imbutum
957 3075 1296 3134 ostendunt.

694 3220 747 3288 l)
793 3220 1076 3292 Exempla
1112 3219 1453 3294 simplicia.

571 3327 625 3396 a)
664 3325 811 3380 Pace
842 3324 1001 3399 sores
1045 3323 1205 3401 abdo,
1252 3343 1319 3382 ne
1363 3343 1471 3402 qua
1518 3324 1797 3383 discedere
1839 3323 2045 3400 possit.-

653 3419 1030 3498 Gaesareoquc
1074 3420 1173 3479 diu
1216 3425 1434 3487 nomine
1480 3423 1652 3481 clusus
1699 3441 1810 3479 era.
2242 3423 2403 3484 Fast.
2441 3421 2460 3478 Ι
2498 3418 2607 3477 282

652 3522 723 3579 Αἰ
768 3539 926 3594 nanc,
975 3518 1117 3596 quod
1160 3527 1415 3598 superest,
1453 3522 1548 3594 fer
1594 3539 1766 3596 opem,
1815 3537 2028 3595 precor,
2077 3521 2281 3577 eminus
2325 3535 2508 3593 unm,

649 3619 984 3694 alloquioque
1032 3619 1158 3676 iuva
1198 3624 1424 3694 pectora
1469 3625 1656 3676 nostra
1702 3616 1833 3674 tao!
2253 3618 2422 3675 Pont.
2460 3618 2479 3675 1
2515 3618 2608 3685 6,8

653 3716 870 3787 Auferet
929 3734 1001 3773 ex
1060 3716 1228 3774 oculis
1286 3719 1506 3775 veniens
1566 3734 1772 3773 aurora
1820 3713 2046 3789 Booten,

652 3816 1012 3892 continuaque
1057 3811 1150 3871 die
1192 3812 1347 3871 sidus
1393 3812 1633 3892 Hyantis
1679 3814 1796 3870 erit.
2154 3811 2328 3873 'Fast.
2365 3814 2418 3872 V
2452 3814 2583 3871 754.

686 3923 743 3979 ln
803 3924 896 3981 his
954 3923 1239 3994 exemplis
1277 3922 1460 3979 verba
1516 3922 1764 3979 iambica
1818 3930 1918 3984 diu,
1960 3930 2096 3985 iuva,
2137 3930 2221 3977 die
2268 3925 2601 3978 occurrunt.

474 4013 641 4071 Talia
685 4013 867 4070 verba
920 4013 1146 4070 rariora
1197 4015 1350 4070 sunt.
1433 4011 1627 4079 Multo
1680 4012 1922 4083 saepius
1969 4012 2272 4082 leguntur:
2315 4018 2453 4073 mihi,
2491 4017 2604 4078 tibi,

471 4103 564 4161 vel
604 4103 964 4175 pronominis
1004 4102 1332 4174 possessivi
1380 4101 1641 4158 formae:
1689 4108 1833 4164 meis,
1864 4108 1982 4160 tuis.
2013 4108 2124 4154 suis
2153 4103 2266 4157 etc.
2350 4098 2602 4156 Primum

473 4192 855 4266 pentrametri
933 4191 1174 4248 verbum
1251 4192 1429 4261 „que“
1500 4189 1790 4262 particula
1851 4191 2193 4247 hexametro
2253 4189 2441 4247 artius
2500 4203 2602 4245 co·

469 4284 764 4341 niunctum
805 4284 917 4343 est.
980 4282 1170 4340 Multa
1195 4281 1368 4339 huius
1394 4280 1631 4352 generis
1660 4279 1927 4351 exempla
1963 4279 2020 4336 in
2047 4277 2343 4336 Tristibus
2382 4279 2597 4335 insunt:
