2984 4925
1278 323 1628 379 ,67-

599 501 819 570 Verb0,
856 501 1013 571 quod
1050 501 1294 557 alterum
1345 500 1768 558 hemistichium
1810 500 2025 573 incipit,
2081 499 2309 573 syllaba
2346 516 2516 572 prae-

387 593 566 648 missa
606 596 713 649 est.
789 591 957 649 Talia
996 590 1262 661 exempla
1302 590 1358 646 in
1397 588 1751 647 carminibus
1790 591 2184 662 epigraphicis
2222 590 2510 647 interdum

388 686 736 738 occurrunt:

714 792 1011 852 Anchialus
1057 792 1228 852 duleis
1264 812 1394 853 cum
1429 811 1595 852 suave
1641 793 1857 851 homine
1902 790 2124 871 Spurio.
2304 798 2479 865 975,8.

703 899 926 960 crudele
965 906 1125 976 pater
1155 899 1326 973 funus
1370 901 1486 957 nati
1531 898 1735 958 vidisse
1777 899 2000 959 videris.
2300 907 2475 973 971‚5.

709 1012 936 1084 accepta
982 1012 1030 1062 et
1076 1025 1211 1062 cara
1255 1009 1434 1064 sueis:
1480 1015 1695 1064 mortua
1738 1005 1827 1064 hio
1873 1025 1969 1082 eyo
2014 1025 2149 1071 sum.
2210 1085 2215 1091 .
2301 1012 2477 1079 9745.

708 1120 787 1170 set
829 1132 1034 1169 meeum
1079 1113 1316 1170 coniunx
1366 1115 1416 1172 si
1453 1113 1634 1170 vivere
1677 1112 1947 1177 nolueras.
2274 1119 2475 1181 1265.5.

1336 1220 1524 1290 fatalis
1567 1220 1705 1279 mibi
1754 1220 1898 1278 hora
1941 1219 2192 1278 manebat

714 1347 864 1401 quae
903 1328 1156 1403 coniuyio
1204 1326 1346 1386 dulei
1393 1326 1598 1385 distulit
1641 1326 1735 1385 illa
1780 1332 1888 1392 tuo,
2272 1334 2477 1400 1295,4.

700 1436 809 1493 tale
855 1455 916 1493 eo
962 1454 1144 1510 speres
1191 1443 1252 1496 et
1290 1435 1407 1511 ipse
1449 1436 1637 1495 venire
1682 1433 1831 1500 diae.
2272 1442 2475 1509 15195.

704 1544 992 1620 sanctique
1039 1544 1115 1600 tui
1160 1562 1347 1600 manes
1390 1541 1547 1601 nobis
1584 1542 1885 1620 petentibus
1931 1540 2123 1601 adsint.
2300 1549 2475 1615 655,4.

698 1656 959 1727 tantaque
976 1650 1325 1730 sav-inequeo‚
1361 1656 1564 1729 quanta
1596 1652 1774 1708 insunt
1799 1651 2018 1727 gratiae
2049 1670 2196 1726 opes,
2295 1639 2508 1723 709,'12.

708 1761 794 1817 sic
842 1756 969 1814 inde
1013 1756 1111 1814 tibi
1156 1759 1347 1815 merito
1395 1764 1547 1815 tanta
1593 1764 1665 1815 est
1712 1776 1966 1816 concessa
2006 1765 2257 1834 potestas,
2298 1764 2508 1830 787,47.
2584 1824 2609 1848 ·

593 1912 781 1969 Etiam
820 1929 856 1969 a
884 1912 1309 1970 Commodiano
1347 1913 1702 1970 hexametris
1741 1913 1980 1983 saepius
2020 1913 2302 1985 syllabam
2342 1930 2511 1986 prae-

380 2003 613 2059 missam
659 2018 800 2058 esse
837 2001 1049 2063 iudico.

696 2116 847 2175 Sunt
860 2114 974 2171 alia
989 2122 1277 2190 praeterea
1293 2121 1342 2171 et
1355 2114 1649 2173 daemonia
1683 2116 1874 2193 procul
1890 2135 1927 2172 a
1937 2116 2104 2188 fanis.
2120 2119 2285 2180 Instr.
2301 2120 2319 2177 1
2340 2123 2507 2194 1,6,11.

668 2199 927 2296 'paratus
972 2221 1048 2280 ad
1093 2226 1275 2298 epulas
1322 2227 1371 2279 et
1411 2221 1617 2298 refuyis
1662 2221 1753 2281 dei
1794 2232 2106 2301 praecepta.
2275 2227 2293 2283 1
2331 2230 2470 2294 25‚9.

702 2336 1035 2406 mortemque
1064 2329 1316 2386 similiter
1344 2331 1481 2387 sicut
1509 2348 1608 2387 nos
1640 2328 1953 2388 iudicabam
1977 2329 2184 2395 adesse,
2274 2335 2292 2392 1
2330 2337 2507 2402 2626.

696 2440 885 2518 iniqua
906 2439 956 2496 si
971 2439 1092 2516 quis
1113 2443 1343 2519 vest-rum
1366 2456 1474 2496 non
1495 2436 1787 2515 crediderit
1808 2444 1978 2497 morte
1992 2440 2220 2514 perisse,
2274 2442 2292 2500 1
2330 2444 2470 2511 40‚7.

695 2545 871 2603 delere
910 2547 1194 2620 proposuit
1238 2547 1495 2605 universa
1534 2565 1711 2623 paene
1757 2552 1958 2611 ereata.
2176 2551 2343 2623 Apol.
2390 2553 2504 2608 160.

697 2672 812 2725 quo
843 2670 1005 2728 usque
1028 2654 1232 2709 veniret
1264 2651 1532 2730 dominus,
1561 2652 1827 2729 propheta
1858 2652 2099 2718 canebat.
2173 2658 2343 2730 Apol.
2383 2660 2505 2721 241.

694 2759 889 2831 venite,
937 2759 1206 2815 mittamus
1251 2758 1454 2833 liynum
1501 2760 1560 2816 in
1599 2759 1767 2834 pane!
1814 2759 2057 2818 dicentes.
2177 2765 2343 2837 Apol.
2382 2769 2503 2828 274,

599 2929 846 3002 Syllaba
904 2930 1245 2989 hexametro
1293 2932 1622 3002 praemissa
1677 2932 1851 2989 etiam
1907 2934 1965 2990 in
2009 2934 2232 2991 nostris
2293 2935 2505 2992 litteris

372 3021 643 3078 occurrit.

705 3133 999 3211 Empsanyt
1027 3133 1191 3213 mich,
1240 3133 1437 3209 keiliye
1468 3134 1746 3214 Sehatten,
1795 3136 1882 3194 ihr
1929 3135 2280 3214 Wolmunyen
2326 3149 2505 3197 siisser

910 3239 1288 3317 Entzz'tckuny.
1369 3310 1378 3320 ,
1440 3238 1446 3244 ’
1824 3258 1936 3303 von
1976 3248 2182 3316 Kleist,
2223 3247 2501 3320 Friihling

583 3432 618 3486 4

622 3434 643 3499 )
694 3545 841 3583 mors
872 3528 1174 3606 intervenit,
1215 3546 1365 3601 quae
1403 3529 1584 3596 facet,
1629 3534 1687 3585 ut
1717 3526 1785 3584 ab
1815 3535 2036 3606 utroque
2065 3549 2251 3587 vacem
2297 3538 2499 3604 1094,2·.

370 3652 550 3712 „quw
572 3631 753 3702 taeet“
793 3640 1073 3696 insertum
1115 3643 1238 3706 est3
1278 3640 1475 3710 itaque
1516 3633 1759 3715 ‚‚nuno“,
1803 3640 1958 3710 quod
1997 3642 2052 3697 in
2079 3642 2248 3699 huius
2288 3655 2498 3700 versus

372 3736 639 3807 exemplo
679 3741 792 3805 est,
830 3742 1111 3794 mutatum
1152 3743 1260 3795 est.
1336 3737 1464 3794 Hoc
1505 3739 1828 3809 exemplum
1866 3740 2140 3798 traducat
2196 3741 2271 3798 ad
2310 3742 2498 3798 multi-

370 3824 626 3881 tudinem
669 3841 885 3893 eorum,
925 3843 1075 3896 quae
1114 3826 1330 3883 verbis
1356 3826 1665 3884 iniunctis
1703 3829 1795 3886 vel
1821 3829 2201 3902 praemissis
2241 3838 2495 3889 versum

372 3913 768 3985 amplificant
808 3921 870 3973 et
908 3917 988 3972 ita
1028 3916 1381 3973 deteriorem
1422 3916 1690 3975 reddunt.

579 4027 635 4089 a)
694 4038 924 4080 nomen
978 4022 1290 4081 insertum
1354 4027 1448 4083 vel
1517 4024 1941 4098 praemissum
1995 4029 2105 4083 est.

685 4124 734 4175 et
758 4136 974 4200 precor,
1008 4126 1066 4178 ut
1098 4118 1252 4178 dieas
1287 4121 1625 4195 Antispore,
1663 4121 1734 4179 sit
1763 4118 1872 4179 tibi·
1893 4127 2041 4179 terra
2075 4123 2224 4203 levis.
2291 4127 2494 4194 1195,5.

683 4218 897 4276 Lucius
937 4229 998 4277 et
1038 4219 1289 4277 Claudia
1316 4220 1470 4291 quod
1491 4224 1718 4275 suntme
1741 4216 1956 4293 diynati
1977 4238 2197 4278 munere
2210 4226 2494 4296 perpetuo,

2292 4320 2494 4387 1256,5.

1478 4450 1508 4469 h
