<?xml version="1.0" encoding="UTF-8"?>
<!DOCTYPE html PUBLIC "-//W3C//DTD XHTML 1.0 Transitional//EN"
    "http://www.w3.org/TR/xhtml1/DTD/xhtml1-transitional.dtd">
<html xmlns="http://www.w3.org/1999/xhtml" xml:lang="en" lang="en">
 <head>
  <title>
</title>
<meta http-equiv="Content-Type" content="text/html;charset=utf-8" />
  <meta name='ocr-system' content='tesseract 3.04.00' />
  <meta name='ocr-capabilities' content='ocr_page ocr_carea ocr_par ocr_line ocrx_word'/>
</head>
<body>
  <div class='ocr_page' id='page_1' title='image "./depentametroins00kessgoog_0076.png"; bbox 0 0 2984 4925; ppageno 0'>
   <div class='ocr_carea' id='block_1_1' title="bbox 1397 321 1751 376">
    <p class='ocr_par' dir='ltr' id='par_1_1' title="bbox 1397 321 1751 376">
     <span class='ocr_line' id='line_1_1' title="bbox 1397 321 1751 376; baseline 0.006 -19"><span class='ocrx_word' id='word_1_1' title='bbox 1397 321 1751 376; x_wconf 66' lang='grc' dir='ltr'><strong><em>..ῃ-</em></strong></span> 
     </span>
    </p>
   </div>
   <div class='ocr_carea' id='block_1_2' title="bbox 816 497 2636 890">
    <p class='ocr_par' dir='ltr' id='par_1_2' title="bbox 816 497 2635 782">
     <span class='ocr_line' id='line_1_2' title="bbox 816 497 2602 578; baseline 0.007 -23"><span class='ocrx_word' id='word_1_2' title='bbox 816 497 1159 576; x_wconf 77' lang='lat' dir='ltr'><strong>·lu9entesque</strong></span> <span class='ocrx_word' id='word_1_3' title='bbox 1201 500 1307 576; x_wconf 76' lang='lat' dir='ltr'><strong>sui,</strong></span> <span class='ocrx_word' id='word_1_4' title='bbox 1361 500 1493 558; x_wconf 72' lang='lat' dir='ltr'><strong>eheu</strong></span> <span class='ocrx_word' id='word_1_5' title='bbox 1538 519 1700 578; x_wconf 78' lang='lat' dir='ltr'><strong>quam</strong></span> <span class='ocrx_word' id='word_1_6' title='bbox 1744 503 1993 568; x_wconf 63' lang='lat' dir='ltr'><strong>nimium.</strong></span> <span class='ocrx_word' id='word_1_7' title='bbox 2461 512 2602 577; x_wconf 88' lang='grc'><strong>46,6.</strong></span> 
     </span>
     <span class='ocr_line' id='line_1_3' title="bbox 827 602 2635 683; baseline 0.006 -21"><span class='ocrx_word' id='word_1_8' title='bbox 827 605 953 664; x_wconf 76' lang='lat' dir='ltr'><strong>hinc</strong></span> <span class='ocrx_word' id='word_1_9' title='bbox 999 605 1127 663; x_wconf 80' lang='lat' dir='ltr'><strong>inde</strong></span> <span class='ocrx_word' id='word_1_10' title='bbox 1172 608 1417 683; x_wconf 76' lang='lat' dir='ltr'><strong>anyelico</strong></span> <span class='ocrx_word' id='word_1_11' title='bbox 1465 608 1624 669; x_wconf 72' lang='lat' dir='ltr'><strong>fultus</strong></span> <span class='ocrx_word' id='word_1_12' title='bbox 1670 611 1910 676; x_wconf 65' lang='lat' dir='ltr'><strong>nmilia.</strong></span> <span class='ocrx_word' id='word_1_13' title='bbox 2459 602 2635 683; x_wconf 66' lang='lat' dir='ltr'><strong>44,ss</strong></span> 
     </span>
     <span class='ocr_line' id='line_1_4' title="bbox 826 712 2113 782; baseline 0.005 -12"><span class='ocrx_word' id='word_1_14' title='bbox 826 718 1008 770; x_wconf 69' lang='lat' dir='ltr'><strong>castra</strong></span> <span class='ocrx_word' id='word_1_15' title='bbox 1054 712 1386 773; x_wconf 74' lang='lat' dir='ltr'><strong>Philislaeus</strong></span> <span class='ocrx_word' id='word_1_16' title='bbox 1432 715 1656 774; x_wconf 78' lang='lat' dir='ltr'><strong>collocat</strong></span> <span class='ocrx_word' id='word_1_17' title='bbox 1703 718 1761 774; x_wconf 79' lang='lat' dir='ltr'><strong>in</strong></span> <span class='ocrx_word' id='word_1_18' title='bbox 1812 716 2113 782; x_wconf 76' lang='lat' dir='ltr'><strong><em>Machmas,</em></strong></span> 
     </span>
    </p>

    <p class='ocr_par' dir='ltr' id='par_1_3' title="bbox 1274 815 2636 890">
     <span class='ocr_line' id='line_1_5' title="bbox 1274 815 2636 890; baseline 0.004 -19"><span class='ocrx_word' id='word_1_19' title='bbox 1274 815 1454 888; x_wconf 78' lang='lat' dir='ltr'><strong>Mign.</strong></span> <span class='ocrx_word' id='word_1_20' title='bbox 1496 819 1606 873; x_wconf 86' lang='lat' dir='ltr'><strong>vol.</strong></span> <span class='ocrx_word' id='word_1_21' title='bbox 1645 819 1767 885; x_wconf 86' lang='grc'>771,</span> <span class='ocrx_word' id='word_1_22' title='bbox 1807 834 1860 890; x_wconf 87' lang='lat' dir='ltr'><strong>p.</strong></span> <span class='ocrx_word' id='word_1_23' title='bbox 1906 820 2055 885; x_wconf 79' lang='lat'>1240,</span> <span class='ocrx_word' id='word_1_24' title='bbox 2096 818 2421 878; x_wconf 85' lang='lat' dir='ltr'><strong>Hildeberti</strong></span> <span class='ocrx_word' id='word_1_25' title='bbox 2462 836 2636 877; x_wconf 87' lang='lat' dir='ltr'><strong>carm.</strong></span> 
     </span>
    </p>
   </div>
   <div class='ocr_carea' id='block_1_3' title="bbox 506 992 2641 1426">
    <p class='ocr_par' dir='ltr' id='par_1_4' title="bbox 506 992 2641 1426">
     <span class='ocr_line' id='line_1_6' title="bbox 722 992 2640 1065; baseline 0.004 -16"><span class='ocrx_word' id='word_1_26' title='bbox 722 992 1004 1065; x_wconf 77' lang='lat' dir='ltr'><strong>Exempla</strong></span> <span class='ocrx_word' id='word_1_27' title='bbox 1061 994 1237 1051; x_wconf 87' lang='lat' dir='ltr'><strong>etiam</strong></span> <span class='ocrx_word' id='word_1_28' title='bbox 1292 994 1484 1050; x_wconf 86' lang='lat' dir='ltr'><strong>medio</strong></span> <span class='ocrx_word' id='word_1_29' title='bbox 1542 1007 1690 1052; x_wconf 86' lang='lat' dir='ltr'><strong>aevo</strong></span> <span class='ocrx_word' id='word_1_30' title='bbox 1746 996 2043 1055; x_wconf 79' lang='lat' dir='ltr'>rarissime</span> <span class='ocrx_word' id='word_1_31' title='bbox 2099 1012 2415 1056; x_wconf 88' lang='lat' dir='ltr'><strong>occurrere</strong></span> <span class='ocrx_word' id='word_1_32' title='bbox 2454 998 2640 1056; x_wconf 86' lang='lat' dir='ltr'><strong>vides.</strong></span> 
     </span>
     <span class='ocr_line' id='line_1_7' title="bbox 508 1080 2641 1157; baseline 0.004 -20"><span class='ocrx_word' id='word_1_33' title='bbox 508 1080 856 1138; x_wconf 82' lang='lat' dir='ltr'><strong>Nostrorum</strong></span> <span class='ocrx_word' id='word_1_34' title='bbox 921 1087 1230 1155; x_wconf 90' lang='lat' dir='ltr'><strong>poetarum</strong></span> <span class='ocrx_word' id='word_1_35' title='bbox 1294 1085 1569 1150; x_wconf 86' lang='lat' dir='ltr'><strong>nonnulli,</strong></span> <span class='ocrx_word' id='word_1_36' title='bbox 1649 1085 1785 1155; x_wconf 84' lang='lat' dir='ltr'><strong>quin</strong></span> <span class='ocrx_word' id='word_1_37' title='bbox 1851 1086 2024 1144; x_wconf 72' lang='lat' dir='ltr'><strong>etiarn</strong></span> <span class='ocrx_word' id='word_1_38' title='bbox 2104 1087 2234 1157; x_wconf 81' lang='lat' dir='ltr'><strong>ipse</strong></span> <span class='ocrx_word' id='word_1_39' title='bbox 2295 1085 2641 1157; x_wconf 78' lang='lat' dir='ltr'><strong>Schillerus·‚</strong></span> 
     </span>
     <span class='ocr_line' id='line_1_8' title="bbox 506 1171 2640 1243; baseline 0.004 -16"><span class='ocrx_word' id='word_1_40' title='bbox 506 1171 660 1230; x_wconf 81' lang='lat' dir='ltr'><strong>tales</strong></span> <span class='ocrx_word' id='word_1_41' title='bbox 722 1176 1126 1243; x_wconf 80' lang='lat' dir='ltr'><strong>pentametros</strong></span> <span class='ocrx_word' id='word_1_42' title='bbox 1184 1173 1475 1231; x_wconf 87' lang='lat' dir='ltr'><strong>fecerunt.</strong></span> <span class='ocrx_word' id='word_1_43' title='bbox 1548 1175 1744 1231; x_wconf 77' lang='lat' dir='ltr'><strong>Mino&#39;r</strong></span> <span class='ocrx_word' id='word_1_44' title='bbox 1797 1176 1855 1232; x_wconf 83' lang='lat' dir='ltr'><strong>in</strong></span> <span class='ocrx_word' id='word_1_45' title='bbox 1919 1176 2069 1236; x_wconf 83' lang='lat' dir='ltr'><strong>libro</strong></span> <span class='ocrx_word' id='word_1_46' title='bbox 2127 1176 2205 1234; x_wconf 81' lang='lat' dir='ltr'><strong>de</strong></span> <span class='ocrx_word' id='word_1_47' title='bbox 2267 1193 2334 1233; x_wconf 87' lang='lat' dir='ltr'><strong>re</strong></span> <span class='ocrx_word' id='word_1_48' title='bbox 2395 1179 2640 1236; x_wconf 88' lang='lat' dir='ltr'><strong>metrica</strong></span> 
     </span>
     <span class='ocr_line' id='line_1_9' title="bbox 509 1259 2641 1335; baseline 0.003 -17"><span class='ocrx_word' id='word_1_49' title='bbox 509 1259 860 1320; x_wconf 82' lang='lat' dir='ltr'><strong>Germanica</strong></span> <span class='ocrx_word' id='word_1_50' title='bbox 883 1260 921 1330; x_wconf 88' lang='grc' dir='ltr'><strong>ι)</strong></span> <span class='ocrx_word' id='word_1_51' title='bbox 952 1277 1005 1333; x_wconf 88' lang='lat' dir='ltr'><strong>p.</strong></span> <span class='ocrx_word' id='word_1_52' title='bbox 1032 1264 1141 1319; x_wconf 81' lang='lat'><strong>518</strong></span> <span class='ocrx_word' id='word_1_53' title='bbox 1165 1264 1442 1322; x_wconf 87' lang='lat' dir='ltr'><strong>nonnulla</strong></span> <span class='ocrx_word' id='word_1_54' title='bbox 1468 1264 1734 1335; x_wconf 77' lang='lat' dir='ltr'><strong>exempla</strong></span> <span class='ocrx_word' id='word_1_55' title='bbox 1768 1263 1967 1331; x_wconf 84' lang='lat' dir='ltr'><strong>affert.</strong></span> <span class='ocrx_word' id='word_1_56' title='bbox 1996 1266 2051 1326; x_wconf 78' lang='lat' dir='ltr'><strong>in</strong></span> <span class='ocrx_word' id='word_1_57' title='bbox 2080 1266 2170 1324; x_wconf 88' lang='lat' dir='ltr'><strong>his</strong></span> <span class='ocrx_word' id='word_1_58' title='bbox 2209 1266 2364 1323; x_wconf 90' lang='lat' dir='ltr'><strong>hunc</strong></span> <span class='ocrx_word' id='word_1_59' title='bbox 2388 1280 2641 1334; x_wconf 85' lang='lat' dir='ltr'><strong>versum,</strong></span> 
     </span>
     <span class='ocr_line' id='line_1_10' title="bbox 509 1350 1805 1426; baseline 0.003 -21"><span class='ocrx_word' id='word_1_60' title='bbox 509 1350 698 1408; x_wconf 89' lang='lat' dir='ltr'><strong>locum</strong></span> <span class='ocrx_word' id='word_1_61' title='bbox 738 1350 969 1419; x_wconf 93' lang='lat' dir='ltr'><strong>quidem</strong></span> <span class='ocrx_word' id='word_1_62' title='bbox 1008 1351 1107 1407; x_wconf 89' lang='lat' dir='ltr'><strong>ubi</strong></span> <span class='ocrx_word' id='word_1_63' title='bbox 1148 1354 1376 1426; x_wconf 79' lang='lat' dir='ltr'><strong>legatur</strong></span> <span class='ocrx_word' id='word_1_64' title='bbox 1414 1369 1525 1409; x_wconf 86' lang='lat' dir='ltr'><strong>nos</strong></span> <span class='ocrx_word' id='word_1_65' title='bbox 1563 1354 1805 1410; x_wconf 88' lang='lat' dir='ltr'><strong>celans:</strong></span> 
     </span>
    </p>
   </div>
   <div class='ocr_carea' id='block_1_4' title="bbox 722 1460 2540 1545">
    <p class='ocr_par' dir='ltr' id='par_1_5' title="bbox 722 1460 2540 1545">
     <span class='ocr_line' id='line_1_11' title="bbox 722 1460 2540 1545; baseline 0.002 -25"><span class='ocrx_word' id='word_1_66' title='bbox 722 1460 878 1520; x_wconf 80' lang='lat' dir='ltr'><strong>Sank</strong></span> <span class='ocrx_word' id='word_1_67' title='bbox 923 1467 982 1523; x_wconf 78' lang='lat' dir='ltr'><strong>in</strong></span> <span class='ocrx_word' id='word_1_68' title='bbox 1025 1463 1395 1540; x_wconf 74' lang='lat' dir='ltr'><strong>schweiyende</strong></span> <span class='ocrx_word' id='word_1_69' title='bbox 1439 1465 1623 1523; x_wconf 72' lang='lat' dir='ltr'><strong>Nacht</strong></span> <span class='ocrx_word' id='word_1_70' title='bbox 1673 1464 1989 1523; x_wconf 76' lang='lat' dir='ltr'><strong>Nordlands</strong></span> <span class='ocrx_word' id='word_1_71' title='bbox 2034 1467 2333 1545; x_wconf 73' lang='lat' dir='ltr'><strong>miz&#39;chtiyer</strong></span> <span class='ocrx_word' id='word_1_72' title='bbox 2381 1465 2540 1532; x_wconf 80' lang='lat' dir='ltr'><strong>Held.</strong></span> 
     </span>
    </p>
   </div>
   <div class='ocr_carea' id='block_1_5' title="bbox 510 1590 2643 1754">
    <p class='ocr_par' dir='ltr' id='par_1_6' title="bbox 510 1590 2643 1754">
     <span class='ocr_line' id='line_1_12' title="bbox 722 1590 2643 1667; baseline 0.002 -19"><span class='ocrx_word' id='word_1_73' title='bbox 722 1590 848 1649; x_wconf 89' lang='lat' dir='ltr'><strong>Sed</strong></span> <span class='ocrx_word' id='word_1_74' title='bbox 887 1591 1236 1661; x_wconf 83' lang='lat' dir='ltr'><strong>quicumque</strong></span> <span class='ocrx_word' id='word_1_75' title='bbox 1274 1593 1427 1650; x_wconf 87' lang='lat' dir='ltr'><strong>tales</strong></span> <span class='ocrx_word' id='word_1_76' title='bbox 1465 1605 1674 1650; x_wconf 80' lang='lat' dir='ltr'><strong>versus</strong></span> <span class='ocrx_word' id='word_1_77' title='bbox 1712 1591 1988 1661; x_wconf 80' lang='lat' dir='ltr'><strong>confecit,</strong></span> <span class='ocrx_word' id='word_1_78' title='bbox 2018 1595 2193 1665; x_wconf 72' lang='lat' dir='ltr'><strong>longe</strong></span> <span class='ocrx_word' id='word_1_79' title='bbox 2217 1594 2295 1653; x_wconf 84' lang='lat' dir='ltr'><strong>ab</strong></span> <span class='ocrx_word' id='word_1_80' title='bbox 2324 1595 2643 1667; x_wconf 70' lang='lat' dir='ltr'><strong>elegantia,</strong></span> 
     </span>
     <span class='ocr_line' id='line_1_13' title="bbox 510 1678 1962 1754; baseline 0.002 -18"><span class='ocrx_word' id='word_1_81' title='bbox 510 1696 623 1749; x_wconf 86' lang='lat' dir='ltr'><strong>qua</strong></span> <span class='ocrx_word' id='word_1_82' title='bbox 651 1678 901 1742; x_wconf 82' lang='lat' dir='ltr'><strong>Ovidius</strong></span> <span class='ocrx_word' id='word_1_83' title='bbox 943 1685 1370 1754; x_wconf 90' lang='lat' dir='ltr'><strong>pentametrum</strong></span> <span class='ocrx_word' id='word_1_84' title='bbox 1408 1684 1655 1748; x_wconf 84' lang='lat' dir='ltr'><strong>ornavit,</strong></span> <span class='ocrx_word' id='word_1_85' title='bbox 1695 1684 1962 1748; x_wconf 79' lang='lat' dir='ltr'><strong>recessit.</strong></span> 
     </span>
    </p>
   </div>
   <div class='ocr_carea' id='block_1_6' title="bbox 1520 2560 1740 2639">
    <p class='ocr_par' dir='ltr' id='par_1_7' title="bbox 1520 2560 1740 2639">
     <span class='ocr_line' id='line_1_14' title="bbox 1520 2560 1740 2639; baseline -0.032 1"><span class='ocrx_word' id='word_1_86' title='bbox 1520 2560 1641 2639; x_wconf 87' lang='lat' dir='ltr'><strong>xl.</strong></span> <span class='ocrx_word' id='word_1_87' title='bbox 1736 2628 1740 2633; x_wconf 77' lang='grc'>,</span> 
     </span>
    </p>
   </div>
   <div class='ocr_carea' id='block_1_7' title="bbox 507 2716 2639 2879">
    <p class='ocr_par' dir='ltr' id='par_1_8' title="bbox 507 2716 2639 2879">
     <span class='ocr_line' id='line_1_15' title="bbox 721 2716 2639 2791; baseline 0.003 -18"><span class='ocrx_word' id='word_1_88' title='bbox 721 2716 1117 2790; x_wconf 80' lang='lat' dir='ltr'><strong>Appendicis</strong></span> <span class='ocrx_word' id='word_1_89' title='bbox 1143 2719 1275 2776; x_wconf 91' lang='lat' dir='ltr'><strong>loco</strong></span> <span class='ocrx_word' id='word_1_90' title='bbox 1302 2719 1413 2776; x_wconf 89' lang='lat' dir='ltr'><strong>hac</strong></span> <span class='ocrx_word' id='word_1_91' title='bbox 1439 2724 1702 2777; x_wconf 72' lang='lat' dir='ltr'><strong>extrema</strong></span> <span class='ocrx_word' id='word_1_92' title='bbox 1741 2723 1912 2791; x_wconf 87' lang='lat' dir='ltr'><strong>parte</strong></span> <span class='ocrx_word' id='word_1_93' title='bbox 1939 2718 2283 2790; x_wconf 78' lang='lat' dir='ltr'><strong>clausulas,</strong></span> <span class='ocrx_word' id='word_1_94' title='bbox 2324 2721 2400 2777; x_wconf 89' lang='lat' dir='ltr'><strong>de</strong></span> <span class='ocrx_word' id='word_1_95' title='bbox 2425 2722 2639 2791; x_wconf 89' lang='lat' dir='ltr'><strong>quibus</strong></span> 
     </span>
     <span class='ocr_line' id='line_1_16' title="bbox 507 2807 2639 2879; baseline 0.002 -16"><span class='ocrx_word' id='word_1_96' title='bbox 507 2810 563 2864; x_wconf 83' lang='lat' dir='ltr'><strong>in</strong></span> <span class='ocrx_word' id='word_1_97' title='bbox 602 2809 719 2864; x_wconf 75' lang='lat' dir='ltr'><strong>hoc</strong></span> <span class='ocrx_word' id='word_1_98' title='bbox 752 2822 942 2879; x_wconf 80' lang='lat' dir='ltr'><strong>opere</strong></span> <span class='ocrx_word' id='word_1_99' title='bbox 979 2811 1071 2864; x_wconf 82' lang='lat' dir='ltr'><strong>tot</strong></span> <span class='ocrx_word' id='word_1_100' title='bbox 1108 2809 1290 2864; x_wconf 83' lang='lat' dir='ltr'><strong>verba</strong></span> <span class='ocrx_word' id='word_1_101' title='bbox 1346 2807 1486 2875; x_wconf 86' lang='lat' dir='ltr'><strong>feci,</strong></span> <span class='ocrx_word' id='word_1_102' title='bbox 1527 2809 1841 2866; x_wconf 73' lang='lat' dir='ltr'><strong>collectas</strong></span> <span class='ocrx_word' id='word_1_103' title='bbox 1895 2813 1960 2866; x_wconf 89' lang='lat' dir='ltr'><strong>et</strong></span> <span class='ocrx_word' id='word_1_104' title='bbox 1998 2808 2353 2866; x_wconf 73' lang='lat' dir='ltr'><strong>secundum</strong></span> <span class='ocrx_word' id='word_1_105' title='bbox 2391 2809 2639 2867; x_wconf 81' lang='lat' dir='ltr'><strong>littera-</strong></span> 
     </span>
    </p>
   </div>
   <div class='ocr_carea' id='block_1_8' title="bbox 2964 0 2970 665">
    <p class='ocr_par' dir='ltr' id='par_1_9' title="bbox 2964 0 2970 665">
     <span class='ocr_line' id='line_1_17' title="bbox 2964 0 2970 665; baseline 0 0"><span class='ocrx_word' id='word_1_106' title='bbox 2964 0 2970 665; x_wconf 95' lang='lat' dir='ltr'><strong> </strong></span> 
     </span>
    </p>
   </div>
   <div class='ocr_carea' id='block_1_9' title="bbox 2962 0 2972 1585">
    <p class='ocr_par' dir='ltr' id='par_1_10' title="bbox 2962 0 2972 1585">
     <span class='ocr_line' id='line_1_18' title="bbox 2962 0 2972 1585; baseline 0 0"><span class='ocrx_word' id='word_1_107' title='bbox 2962 0 2972 1585; x_wconf 95' lang='lat' dir='ltr'><strong> </strong></span> 
     </span>
    </p>
   </div>
   <div class='ocr_carea' id='block_1_10' title="bbox 508 2895 2745 2970">
    <p class='ocr_par' dir='ltr' id='par_1_11' title="bbox 508 2895 2745 2970">
     <span class='ocr_line' id='line_1_19' title="bbox 508 2895 2745 2970; baseline 0.003 -18"><span class='ocrx_word' id='word_1_108' title='bbox 508 2910 646 2953; x_wconf 75' lang='lat' dir='ltr'><strong>rum</strong></span> <span class='ocrx_word' id='word_1_109' title='bbox 705 2895 992 2953; x_wconf 76' lang='lat' dir='ltr'><strong>ordinem</strong></span> <span class='ocrx_word' id='word_1_110' title='bbox 1042 2896 1298 2969; x_wconf 67' lang='lat' dir='ltr'><strong>positas</strong></span> <span class='ocrx_word' id='word_1_111' title='bbox 1352 2898 1622 2955; x_wconf 80' lang='lat' dir='ltr'><strong>afferam.</strong></span> <span class='ocrx_word' id='word_1_112' title='bbox 1701 2898 2066 2970; x_wconf 83' lang='lat' dir='ltr'><strong>Quamquam</strong></span> <span class='ocrx_word' id='word_1_113' title='bbox 2127 2898 2360 2956; x_wconf 81' lang='lat' dir='ltr'><strong>fructus</strong></span> <span class='ocrx_word' id='word_1_114' title='bbox 2401 2915 2475 2956; x_wconf 73' lang='lat' dir='ltr'><strong>ex</strong></span> <span class='ocrx_word' id='word_1_115' title='bbox 2531 2902 2645 2958; x_wconf 78' lang='lat' dir='ltr'><strong>hac</strong></span> <span class='ocrx_word' id='word_1_116' title='bbox 2742 2899 2745 2901; x_wconf 70' lang='grc'><strong>’</strong></span> 
     </span>
    </p>
   </div>
   <div class='ocr_carea' id='block_1_11' title="bbox 506 2986 2644 4129">
    <p class='ocr_par' dir='ltr' id='par_1_12' title="bbox 506 2986 2644 4129">
     <span class='ocr_line' id='line_1_20' title="bbox 507 2986 2643 3060; baseline 0.001 -17"><span class='ocrx_word' id='word_1_117' title='bbox 507 2986 861 3043; x_wconf 92' lang='lat' dir='ltr'><strong>collectione</strong></span> <span class='ocrx_word' id='word_1_118' title='bbox 888 2988 1152 3059; x_wconf 87' lang='lat' dir='ltr'><strong>percepti</strong></span> <span class='ocrx_word' id='word_1_119' title='bbox 1194 3002 1323 3042; x_wconf 90' lang='lat' dir='ltr'><strong>curn</strong></span> <span class='ocrx_word' id='word_1_120' title='bbox 1362 3004 1547 3060; x_wconf 92' lang='lat' dir='ltr'><strong>opera</strong></span> <span class='ocrx_word' id='word_1_121' title='bbox 1587 2993 1648 3045; x_wconf 92' lang='lat' dir='ltr'><strong>et</strong></span> <span class='ocrx_word' id='word_1_122' title='bbox 1677 2987 1894 3054; x_wconf 89' lang='lat' dir='ltr'><strong>labore,</strong></span> <span class='ocrx_word' id='word_1_123' title='bbox 1936 3003 2104 3057; x_wconf 91' lang='lat' dir='ltr'><strong>quem</strong></span> <span class='ocrx_word' id='word_1_124' title='bbox 2131 2988 2190 3043; x_wconf 87' lang='lat' dir='ltr'><strong>in</strong></span> <span class='ocrx_word' id='word_1_125' title='bbox 2207 2988 2643 3049; x_wconf 76' lang='lat' dir='ltr'><strong>conficiendam</strong></span> 
     </span>
     <span class='ocr_line' id='line_1_21' title="bbox 508 3074 2642 3147; baseline 0.001 -15"><span class='ocrx_word' id='word_1_126' title='bbox 508 3075 806 3146; x_wconf 83' lang='lat' dir='ltr'><strong>insumpsi,</strong></span> <span class='ocrx_word' id='word_1_127' title='bbox 842 3078 960 3131; x_wconf 80' lang='lat' dir='ltr'><strong>non</strong></span> <span class='ocrx_word' id='word_1_128' title='bbox 1000 3074 1374 3146; x_wconf 89' lang='lat' dir='ltr'><strong>comparandi</strong></span> <span class='ocrx_word' id='word_1_129' title='bbox 1416 3080 1571 3144; x_wconf 89' lang='lat' dir='ltr'><strong>sunt,</strong></span> <span class='ocrx_word' id='word_1_130' title='bbox 1629 3076 1948 3147; x_wconf 77' lang='lat' dir='ltr'><strong>collegisse</strong></span> <span class='ocrx_word' id='word_1_131' title='bbox 2006 3091 2110 3131; x_wconf 92' lang='lat' dir='ltr'><strong>eas</strong></span> <span class='ocrx_word' id='word_1_132' title='bbox 2149 3080 2342 3132; x_wconf 92' lang='lat' dir='ltr'><strong>tamen</strong></span> <span class='ocrx_word' id='word_1_133' title='bbox 2384 3094 2476 3134; x_wconf 90' lang='lat' dir='ltr'><strong>me</strong></span> <span class='ocrx_word' id='word_1_134' title='bbox 2525 3094 2642 3134; x_wconf 90' lang='lat' dir='ltr'><strong>non</strong></span> 
     </span>
     <span class='ocr_line' id='line_1_22' title="bbox 507 3157 2635 3239; baseline 0.001 -18"><span class='ocrx_word' id='word_1_135' title='bbox 507 3166 788 3236; x_wconf 85' lang='lat' dir='ltr'><strong>paenitet,</strong></span> <span class='ocrx_word' id='word_1_136' title='bbox 864 3164 1112 3221; x_wconf 85' lang='lat' dir='ltr'><strong>Primum</strong></span> <span class='ocrx_word' id='word_1_137' title='bbox 1176 3165 1386 3225; x_wconf 87' lang='lat' dir='ltr'><strong>iterum</strong></span> <span class='ocrx_word' id='word_1_138' title='bbox 1440 3169 1618 3236; x_wconf 82' lang='lat' dir='ltr'><strong>atque</strong></span> <span class='ocrx_word' id='word_1_139' title='bbox 1660 3167 1870 3227; x_wconf 80' lang='lat' dir='ltr'><strong>iterum</strong></span> <span class='ocrx_word' id='word_1_140' title='bbox 1897 3165 2103 3222; x_wconf 88' lang='lat' dir='ltr'><strong>eadem</strong></span> <span class='ocrx_word' id='word_1_141' title='bbox 2142 3166 2324 3223; x_wconf 83' lang='lat' dir='ltr'><strong>verba</strong></span> <span class='ocrx_word' id='word_1_142' title='bbox 2351 3157 2635 3239; x_wconf 85' lang='lat' dir='ltr'><strong>adhiberi,</strong></span> 
     </span>
     <span class='ocr_line' id='line_1_23' title="bbox 509 3254 2644 3326; baseline 0 -13"><span class='ocrx_word' id='word_1_143' title='bbox 509 3254 721 3313; x_wconf 86' lang='lat' dir='ltr'><strong>deinde</strong></span> <span class='ocrx_word' id='word_1_144' title='bbox 756 3270 1054 3315; x_wconf 84' lang='lat' dir='ltr'><strong>numerum</strong></span> <span class='ocrx_word' id='word_1_145' title='bbox 1093 3255 1294 3313; x_wconf 85' lang='lat' dir='ltr'><strong>horum</strong></span> <span class='ocrx_word' id='word_1_146' title='bbox 1334 3255 1644 3312; x_wconf 86' lang='lat' dir='ltr'><strong>verborum</strong></span> <span class='ocrx_word' id='word_1_147' title='bbox 1704 3268 1942 3326; x_wconf 84' lang='lat' dir='ltr'><strong>parvum</strong></span> <span class='ocrx_word' id='word_1_148' title='bbox 1992 3270 2131 3310; x_wconf 89' lang='lat' dir='ltr'><strong>esse</strong></span> <span class='ocrx_word' id='word_1_149' title='bbox 2204 3254 2416 3316; x_wconf 82' lang='lat' dir='ltr'><strong>vides,‘</strong></span> <span class='ocrx_word' id='word_1_150' title='bbox 2464 3255 2644 3326; x_wconf 82' lang='lat' dir='ltr'><strong>Quod</strong></span> 
     </span>
     <span class='ocr_line' id='line_1_24' title="bbox 507 3342 2637 3419; baseline 0.002 -21"><span class='ocrx_word' id='word_1_151' title='bbox 507 3342 740 3401; x_wconf 79' lang='lat' dir='ltr'><strong>facilius</strong></span> <span class='ocrx_word' id='word_1_152' title='bbox 781 3342 953 3401; x_wconf 88' lang='lat' dir='ltr'><strong>etiam</strong></span> <span class='ocrx_word' id='word_1_153' title='bbox 994 3349 1405 3419; x_wconf 66' lang='lat' dir='ltr'><strong>cognoscetur,</strong></span> <span class='ocrx_word' id='word_1_154' title='bbox 1446 3345 1499 3400; x_wconf 89' lang='lat' dir='ltr'><strong>si</strong></span> <span class='ocrx_word' id='word_1_155' title='bbox 1540 3346 1838 3403; x_wconf 84' lang='lat' dir='ltr'><strong>clausulas</strong></span> <span class='ocrx_word' id='word_1_156' title='bbox 1878 3343 2054 3403; x_wconf 86' lang='lat' dir='ltr'><strong>Ovidi</strong></span> <span class='ocrx_word' id='word_1_157' title='bbox 2094 3343 2436 3415; x_wconf 76' lang='lat' dir='ltr'><strong>bisyllahas‚</strong></span> <span class='ocrx_word' id='word_1_158' title='bbox 2493 3362 2637 3416; x_wconf 81' lang='lat' dir='ltr'><strong>quas</strong></span> 
     </span>
     <span class='ocr_line' id='line_1_25' title="bbox 508 3430 2642 3505; baseline 0.002 -17"><span class='ocrx_word' id='word_1_159' title='bbox 508 3448 581 3488; x_wconf 78' lang='lat' dir='ltr'><strong>ex</strong></span> <span class='ocrx_word' id='word_1_160' title='bbox 619 3430 768 3491; x_wconf 80' lang='lat' dir='ltr'><strong>Arte</strong></span> <span class='ocrx_word' id='word_1_161' title='bbox 820 3434 1108 3493; x_wconf 81' lang='lat' dir='ltr'><strong>amatoria</strong></span> <span class='ocrx_word' id='word_1_162' title='bbox 1159 3434 1389 3505; x_wconf 74' lang='lat' dir='ltr'><strong>collegi,</strong></span> <span class='ocrx_word' id='word_1_163' title='bbox 1444 3436 1721 3494; x_wconf 82' lang='lat' dir='ltr'><strong>attulero,</strong></span> <span class='ocrx_word' id='word_1_164' title='bbox 1795 3433 1939 3491; x_wconf 76' lang='lat' dir='ltr'><strong>Mihi</strong></span> <span class='ocrx_word' id='word_1_165' title='bbox 2001 3434 2057 3490; x_wconf 91' lang='lat' dir='ltr'><strong>in</strong></span> <span class='ocrx_word' id='word_1_166' title='bbox 2113 3435 2306 3491; x_wconf 91' lang='lat' dir='ltr'><strong>animo</strong></span> <span class='ocrx_word' id='word_1_167' title='bbox 2360 3450 2475 3492; x_wconf 83' lang='lat' dir='ltr'><strong>non</strong></span> <span class='ocrx_word' id='word_1_168' title='bbox 2529 3434 2642 3493; x_wconf 85' lang='lat' dir='ltr'><strong>fuit</strong></span> 
     </span>
     <span class='ocr_line' id='line_1_26' title="bbox 507 3520 2642 3593; baseline 0.001 -16"><span class='ocrx_word' id='word_1_169' title='bbox 507 3536 712 3577; x_wconf 90' lang='lat' dir='ltr'><strong>omnes</strong></span> <span class='ocrx_word' id='word_1_170' title='bbox 769 3520 943 3578; x_wconf 84' lang='lat' dir='ltr'><strong>Ovidi</strong></span> <span class='ocrx_word' id='word_1_171' title='bbox 1002 3522 1298 3579; x_wconf 89' lang='lat' dir='ltr'><strong>clausulas</strong></span> <span class='ocrx_word' id='word_1_172' title='bbox 1357 3522 1511 3578; x_wconf 88' lang='lat' dir='ltr'><strong>bene</strong></span> <span class='ocrx_word' id='word_1_173' title='bbox 1568 3523 1875 3593; x_wconf 78' lang='lat' dir='ltr'><strong>digerere3</strong></span> <span class='ocrx_word' id='word_1_174' title='bbox 1936 3522 2091 3592; x_wconf 92' lang='lat' dir='ltr'><strong>quod</strong></span> <span class='ocrx_word' id='word_1_175' title='bbox 2150 3522 2389 3580; x_wconf 91' lang='lat' dir='ltr'><strong>discere</strong></span> <span class='ocrx_word' id='word_1_176' title='bbox 2446 3527 2509 3580; x_wconf 93' lang='lat' dir='ltr'><strong>te</strong></span> <span class='ocrx_word' id='word_1_177' title='bbox 2566 3539 2642 3580; x_wconf 74' lang='lat' dir='ltr'><strong>ex</strong></span> 
     </span>
     <span class='ocr_line' id='line_1_27' title="bbox 506 3610 2639 3683; baseline 0.001 -17"><span class='ocrx_word' id='word_1_178' title='bbox 506 3610 860 3667; x_wconf 85' lang='lat' dir='ltr'><strong>collectione</strong></span> <span class='ocrx_word' id='word_1_179' title='bbox 898 3611 1085 3679; x_wconf 82' lang='lat' dir='ltr'><strong>velim,</strong></span> <span class='ocrx_word' id='word_1_180' title='bbox 1125 3610 1357 3671; x_wconf 82' lang='lat' dir='ltr'><strong>facilius</strong></span> <span class='ocrx_word' id='word_1_181' title='bbox 1384 3612 1663 3669; x_wconf 83' lang='lat' dir='ltr'><strong>clausulis</strong></span> <span class='ocrx_word' id='word_1_182' title='bbox 1704 3611 1786 3667; x_wconf 87' lang='lat' dir='ltr'><strong>ita</strong></span> <span class='ocrx_word' id='word_1_183' title='bbox 1813 3614 1878 3669; x_wconf 88' lang='lat' dir='ltr'><strong>ut</strong></span> <span class='ocrx_word' id='word_1_184' title='bbox 1917 3611 1972 3669; x_wconf 88' lang='lat' dir='ltr'><strong>in</strong></span> <span class='ocrx_word' id='word_1_185' title='bbox 2011 3611 2284 3671; x_wconf 81' lang='lat' dir='ltr'><strong>versibus</strong></span> <span class='ocrx_word' id='word_1_186' title='bbox 2311 3617 2639 3683; x_wconf 86' lang='lat' dir='ltr'><strong>sequantur</strong></span> 
     </span>
     <span class='ocr_line' id='line_1_28' title="bbox 507 3699 2642 3770; baseline 0.001 -16"><span class='ocrx_word' id='word_1_187' title='bbox 507 3699 719 3770; x_wconf 89' lang='lat' dir='ltr'><strong>positis</strong></span> <span class='ocrx_word' id='word_1_188' title='bbox 767 3699 1144 3770; x_wconf 79' lang='lat' dir='ltr'><strong>intellegitur.</strong></span> <span class='ocrx_word' id='word_1_189' title='bbox 1223 3699 1443 3756; x_wconf 87' lang='lat' dir='ltr'><strong>Eadem</strong></span> <span class='ocrx_word' id='word_1_190' title='bbox 1491 3699 1676 3756; x_wconf 85' lang='lat' dir='ltr'><strong>verba</strong></span> <span class='ocrx_word' id='word_1_191' title='bbox 1734 3714 1970 3769; x_wconf 85' lang='lat' dir='ltr'><strong>semper</strong></span> <span class='ocrx_word' id='word_1_192' title='bbox 2012 3714 2330 3757; x_wconf 90' lang='lat' dir='ltr'><strong>occurrere</strong></span> <span class='ocrx_word' id='word_1_193' title='bbox 2381 3700 2642 3758; x_wconf 86' lang='lat' dir='ltr'><strong>animad-</strong></span> 
     </span>
     <span class='ocr_line' id='line_1_29' title="bbox 506 3787 2635 3860; baseline 0 -15"><span class='ocrx_word' id='word_1_194' title='bbox 506 3792 728 3855; x_wconf 75' lang='lat' dir='ltr'><strong>verteS,</strong></span> <span class='ocrx_word' id='word_1_195' title='bbox 768 3788 1045 3845; x_wconf 90' lang='lat' dir='ltr'><strong>nonnulla</strong></span> <span class='ocrx_word' id='word_1_196' title='bbox 1071 3792 1306 3860; x_wconf 87' lang='lat' dir='ltr'><strong>poetam</strong></span> <span class='ocrx_word' id='word_1_197' title='bbox 1345 3787 1946 3847; x_wconf 82' lang='lat' dir='ltr'><strong>valdedelectavisse</strong></span> <span class='ocrx_word' id='word_1_198' title='bbox 1984 3787 2273 3848; x_wconf 82' lang='lat' dir='ltr'><strong>videntur.</strong></span> <span class='ocrx_word' id='word_1_199' title='bbox 2352 3788 2479 3846; x_wconf 88' lang='lat' dir='ltr'><strong>Cur</strong></span> <span class='ocrx_word' id='word_1_200' title='bbox 2516 3794 2635 3846; x_wconf 89' lang='lat' dir='ltr'><strong>tam</strong></span> 
     </span>
     <span class='ocr_line' id='line_1_30' title="bbox 506 3876 2641 3953; baseline 0 -19"><span class='ocrx_word' id='word_1_201' title='bbox 506 3876 720 3937; x_wconf 87' lang='lat' dir='ltr'><strong>crebro</strong></span> <span class='ocrx_word' id='word_1_202' title='bbox 759 3880 1122 3953; x_wconf 79' lang='lat' dir='ltr'><strong>repetantur,</strong></span> <span class='ocrx_word' id='word_1_203' title='bbox 1176 3893 1251 3937; x_wconf 86' lang='lat' dir='ltr'><strong>ea</strong></span> <span class='ocrx_word' id='word_1_204' title='bbox 1307 3892 1490 3935; x_wconf 81' lang='lat' dir='ltr'><strong>causa</strong></span> <span class='ocrx_word' id='word_1_205' title='bbox 1532 3881 1640 3933; x_wconf 89' lang='lat' dir='ltr'><strong>est.</strong></span> <span class='ocrx_word' id='word_1_206' title='bbox 1683 3881 1747 3933; x_wconf 99' lang='lat' dir='ltr'><strong>ut</strong></span> <span class='ocrx_word' id='word_1_207' title='bbox 1802 3877 1985 3933; x_wconf 86' lang='lat' dir='ltr'><strong>verba</strong></span> <span class='ocrx_word' id='word_1_208' title='bbox 2026 3877 2270 3934; x_wconf 89' lang='lat' dir='ltr'><strong>iambica</strong></span> <span class='ocrx_word' id='word_1_209' title='bbox 2325 3880 2383 3934; x_wconf 90' lang='lat' dir='ltr'><strong>in</strong></span> <span class='ocrx_word' id='word_1_210' title='bbox 2442 3878 2641 3949; x_wconf 78' lang='lat' dir='ltr'><strong>lingua</strong></span> 
     </span>
     <span class='ocr_line' id='line_1_31' title="bbox 507 3963 2640 4043; baseline 0.001 -21"><span class='ocrx_word' id='word_1_211' title='bbox 507 3966 716 4022; x_wconf 89' lang='lat' dir='ltr'><strong>Latina</strong></span> <span class='ocrx_word' id='word_1_212' title='bbox 756 3981 945 4039; x_wconf 90' lang='lat' dir='ltr'><strong>pauca</strong></span> <span class='ocrx_word' id='word_1_213' title='bbox 998 3967 1130 4023; x_wconf 91' lang='lat' dir='ltr'><strong>sint.</strong></span> <span class='ocrx_word' id='word_1_214' title='bbox 1222 3963 1471 4027; x_wconf 81' lang='lat' dir='ltr'><strong>Ovidius</strong></span> <span class='ocrx_word' id='word_1_215' title='bbox 1529 3970 1697 4023; x_wconf 90' lang='lat' dir='ltr'><strong>certe</strong></span> <span class='ocrx_word' id='word_1_216' title='bbox 1744 3966 1893 4023; x_wconf 83' lang='lat' dir='ltr'><strong>hanc</strong></span> <span class='ocrx_word' id='word_1_217' title='bbox 1949 3967 2202 4038; x_wconf 81' lang='lat' dir='ltr'><strong>inopiam</strong></span> <span class='ocrx_word' id='word_1_218' title='bbox 2254 3968 2384 4043; x_wconf 86' lang='lat' dir='ltr'><strong>ipse</strong></span> <span class='ocrx_word' id='word_1_219' title='bbox 2421 3968 2640 4038; x_wconf 90' lang='lat' dir='ltr'><strong>sensit;</strong></span> 
     </span>
     <span class='ocr_line' id='line_1_32' title="bbox 507 4055 2262 4129; baseline 0.002 -17"><span class='ocrx_word' id='word_1_220' title='bbox 507 4056 803 4113; x_wconf 82' lang='lat' dir='ltr'><strong>clausulas</strong></span> <span class='ocrx_word' id='word_1_221' title='bbox 842 4056 1027 4129; x_wconf 78' lang='lat' dir='ltr'><strong>magis</strong></span> <span class='ocrx_word' id='word_1_222' title='bbox 1066 4056 1375 4122; x_wconf 76' lang='lat' dir='ltr'><strong>variasset,</strong></span> <span class='ocrx_word' id='word_1_223' title='bbox 1417 4056 1467 4115; x_wconf 89' lang='lat' dir='ltr'><strong>si</strong></span> <span class='ocrx_word' id='word_1_224' title='bbox 1505 4055 1677 4127; x_wconf 85' lang='lat' dir='ltr'><strong>plura</strong></span> <span class='ocrx_word' id='word_1_225' title='bbox 1716 4055 1899 4112; x_wconf 83' lang='lat' dir='ltr'><strong>verba</strong></span> <span class='ocrx_word' id='word_1_226' title='bbox 1937 4055 2262 4117; x_wconf 87' lang='lat' dir='ltr'><strong>habuisset.</strong></span> 
     </span>
    </p>
   </div>
   <div class='ocr_carea' id='block_1_12' title="bbox 618 4220 932 4227">
    <p class='ocr_par' dir='ltr' id='par_1_13' title="bbox 618 4220 932 4227">
     <span class='ocr_line' id='line_1_33' title="bbox 618 4220 932 4227; baseline 0 698"><span class='ocrx_word' id='word_1_227' title='bbox 618 4220 932 4227; x_wconf 95' lang='lat' dir='ltr'><strong> </strong></span> 
     </span>
    </p>
   </div>
   <div class='ocr_carea' id='block_1_13' title="bbox 720 4320 2186 4378">
    <p class='ocr_par' dir='ltr' id='par_1_14' title="bbox 720 4320 2186 4378">
     <span class='ocr_line' id='line_1_34' title="bbox 720 4320 2186 4378; baseline 0.001 -14"><span class='ocrx_word' id='word_1_228' title='bbox 720 4323 765 4370; x_wconf 74' lang='grc'><strong>1)</strong></span> <span class='ocrx_word' id='word_1_229' title='bbox 793 4320 982 4366; x_wconf 72' lang='lat' dir='ltr'><strong>Minor:</strong></span> <span class='ocrx_word' id='word_1_230' title='bbox 1015 4321 1499 4378; x_wconf 70' lang='lat' dir='ltr'><strong>Neuhochdeutsche</strong></span> <span class='ocrx_word' id='word_1_231' title='bbox 1528 4322 1725 4374; x_wconf 85' lang='lat' dir='ltr'><strong>Metrik‚</strong></span> <span class='ocrx_word' id='word_1_232' title='bbox 1755 4322 2042 4376; x_wconf 82' lang='lat' dir='ltr'><strong>Strassburg</strong></span> <span class='ocrx_word' id='word_1_233' title='bbox 2073 4322 2186 4367; x_wconf 86' lang='lat'><strong>1902.</strong></span> 
     </span>
    </p>
   </div>
   <div class='ocr_carea' id='block_1_14' title="bbox 2961 2208 2974 4905">
    <p class='ocr_par' dir='ltr' id='par_1_15' title="bbox 2961 2208 2974 4905">
     <span class='ocr_line' id='line_1_35' title="bbox 2961 2208 2974 4905; baseline 0 0"><span class='ocrx_word' id='word_1_234' title='bbox 2961 2208 2974 4905; x_wconf 95' lang='lat' dir='ltr'><strong> </strong></span> 
     </span>
    </p>
   </div>
  </div>
 </body>
</html>
