<?xml version="1.0" encoding="UTF-8"?>
<!DOCTYPE html PUBLIC "-//W3C//DTD XHTML 1.0 Transitional//EN"
    "http://www.w3.org/TR/xhtml1/DTD/xhtml1-transitional.dtd">
<html xmlns="http://www.w3.org/1999/xhtml" xml:lang="en" lang="en">
 <head>
  <title>
</title>
<meta http-equiv="Content-Type" content="text/html;charset=utf-8" />
  <meta name='ocr-system' content='tesseract 3.04.00' />
  <meta name='ocr-capabilities' content='ocr_page ocr_carea ocr_par ocr_line ocrx_word'/>
</head>
<body>
  <div class='ocr_page' id='page_1' title='image "./depentametroins00kessgoog_0059.png"; bbox 0 0 2984 4925; ppageno 0'>
   <div class='ocr_carea' id='block_1_1' title="bbox 1247 311 1603 369">
    <p class='ocr_par' dir='ltr' id='par_1_1' title="bbox 1247 311 1603 369">
     <span class='ocr_line' id='line_1_1' title="bbox 1247 311 1603 369; baseline 0.003 -19"><span class='ocrx_word' id='word_1_1' title='bbox 1247 311 1603 369; x_wconf 75' lang='lat'>...55-</span> 
     </span>
    </p>
   </div>
   <div class='ocr_carea' id='block_1_2' title="bbox 353 487 2495 1527">
    <p class='ocr_par' dir='ltr' id='par_1_2' title="bbox 353 487 2495 1527">
     <span class='ocr_line' id='line_1_2' title="bbox 570 487 2495 558; baseline 0.001 -14"><span class='ocrx_word' id='word_1_2' title='bbox 570 487 850 545; x_wconf 85' lang='lat' dir='ltr'><strong>Elisionis</strong></span> <span class='ocrx_word' id='word_1_3' title='bbox 907 503 1074 545; x_wconf 87' lang='lat' dir='ltr'><strong>usum</strong></span> <span class='ocrx_word' id='word_1_4' title='bbox 1124 488 1200 544; x_wconf 89' lang='lat' dir='ltr'><strong>ab</strong></span> <span class='ocrx_word' id='word_1_5' title='bbox 1252 489 1447 545; x_wconf 88' lang='lat' dir='ltr'><strong>altero</strong></span> <span class='ocrx_word' id='word_1_6' title='bbox 1500 487 1575 544; x_wconf 91' lang='lat' dir='ltr'><strong>ad</strong></span> <span class='ocrx_word' id='word_1_7' title='bbox 1642 491 1912 558; x_wconf 66' lang='lat' dir='ltr'><strong>quartum</strong></span> <span class='ocrx_word' id='word_1_8' title='bbox 1967 489 2268 546; x_wconf 65' lang='lat' dir='ltr'><strong>saeculnm</strong></span> <span class='ocrx_word' id='word_1_9' title='bbox 2314 488 2495 546; x_wconf 90' lang='lat' dir='ltr'><strong>demi-</strong></span> 
     </span>
     <span class='ocr_line' id='line_1_3' title="bbox 357 576 2494 651; baseline 0 -17"><span class='ocrx_word' id='word_1_10' title='bbox 357 580 556 636; x_wconf 75' lang='lat' dir='ltr'><strong>nutum</strong></span> <span class='ocrx_word' id='word_1_11' title='bbox 596 592 737 636; x_wconf 88' lang='lat' dir='ltr'><strong>esse</strong></span> <span class='ocrx_word' id='word_1_12' title='bbox 775 577 890 635; x_wconf 87' lang='lat' dir='ltr'><strong>dici</strong></span> <span class='ocrx_word' id='word_1_13' title='bbox 931 593 1045 636; x_wconf 88' lang='lat' dir='ltr'><strong>non</strong></span> <span class='ocrx_word' id='word_1_14' title='bbox 1084 580 1308 648; x_wconf 84' lang='lat' dir='ltr'><strong>potest.</strong></span> <span class='ocrx_word' id='word_1_15' title='bbox 1381 576 1674 642; x_wconf 77' lang='lat' dir='ltr'><strong>Numerus</strong></span> <span class='ocrx_word' id='word_1_16' title='bbox 1714 579 2110 651; x_wconf 67' lang='lat' dir='ltr'><strong>exemplorum</strong></span> <span class='ocrx_word' id='word_1_17' title='bbox 2160 581 2346 640; x_wconf 72' lang='lat' dir='ltr'><strong>minor</strong></span> <span class='ocrx_word' id='word_1_18' title='bbox 2393 579 2494 636; x_wconf 90' lang='lat' dir='ltr'><strong>mi-</strong></span> 
     </span>
     <span class='ocr_line' id='line_1_4' title="bbox 355 658 2494 739; baseline 0.002 -18"><span class='ocrx_word' id='word_1_19' title='bbox 355 681 502 722; x_wconf 88' lang='lat' dir='ltr'><strong>nore</strong></span> <span class='ocrx_word' id='word_1_20' title='bbox 562 665 945 724; x_wconf 75' lang='lat' dir='ltr'><strong>distichorum</strong></span> <span class='ocrx_word' id='word_1_21' title='bbox 1005 681 1249 724; x_wconf 88' lang='lat' dir='ltr'><strong>numero</strong></span> <span class='ocrx_word' id='word_1_22' title='bbox 1311 668 1654 738; x_wconf 70' lang='lat' dir='ltr'><strong>explicatur.</strong></span> <span class='ocrx_word' id='word_1_23' title='bbox 1771 667 2030 726; x_wconf 88' lang='lat' dir='ltr'><strong>Vocales</strong></span> <span class='ocrx_word' id='word_1_24' title='bbox 2101 658 2332 739; x_wconf 75' lang='lat' dir='ltr'><strong>longae,</strong></span> <span class='ocrx_word' id='word_1_25' title='bbox 2394 668 2494 728; x_wconf 87' lang='lat' dir='ltr'><strong>ubi</strong></span> 
     </span>
     <span class='ocr_line' id='line_1_5' title="bbox 355 756 2494 838; baseline 0.001 -27"><span class='ocrx_word' id='word_1_26' title='bbox 355 757 536 812; x_wconf 86' lang='lat' dir='ltr'><strong>semel</strong></span> <span class='ocrx_word' id='word_1_27' title='bbox 575 760 759 838; x_wconf 73' lang='lat' dir='ltr'><strong>vetus</strong></span> <span class='ocrx_word' id='word_1_28' title='bbox 789 756 1149 828; x_wconf 74' lang='lat' dir='ltr'><strong>syllabarum</strong></span> <span class='ocrx_word' id='word_1_29' title='bbox 1183 757 1482 826; x_wconf 78' lang='lat' dir='ltr'><strong>quantitas</strong></span> <span class='ocrx_word' id='word_1_30' title='bbox 1521 757 1867 814; x_wconf 80' lang='lat' dir='ltr'><strong>labefactari</strong></span> <span class='ocrx_word' id='word_1_31' title='bbox 1920 762 2134 828; x_wconf 86' lang='lat' dir='ltr'><strong>coepta</strong></span> <span class='ocrx_word' id='word_1_32' title='bbox 2189 762 2300 826; x_wconf 86' lang='lat' dir='ltr'><strong>est,</strong></span> <span class='ocrx_word' id='word_1_33' title='bbox 2349 756 2494 824; x_wconf 81' lang='lat' dir='ltr'><strong>iaci-</strong></span> 
     </span>
     <span class='ocr_line' id='line_1_6' title="bbox 356 844 2485 917; baseline 0.001 -16"><span class='ocrx_word' id='word_1_34' title='bbox 356 844 468 902; x_wconf 79' lang='lat' dir='ltr'><strong>lius</strong></span> <span class='ocrx_word' id='word_1_35' title='bbox 507 845 641 902; x_wconf 90' lang='lat' dir='ltr'><strong>elidi</strong></span> <span class='ocrx_word' id='word_1_36' title='bbox 682 849 973 916; x_wconf 82' lang='lat' dir='ltr'><strong>poterant.</strong></span> <span class='ocrx_word' id='word_1_37' title='bbox 1039 844 1089 901; x_wconf 87' lang='lat' dir='ltr'>E</span> <span class='ocrx_word' id='word_1_38' title='bbox 1126 845 1325 910; x_wconf 77' lang='lat' dir='ltr'><strong>breve,</strong></span> <span class='ocrx_word' id='word_1_39' title='bbox 1362 846 1414 902; x_wconf 91' lang='lat' dir='ltr'><strong>si</strong></span> <span class='ocrx_word' id='word_1_40' title='bbox 1453 851 1639 903; x_wconf 89' lang='lat' dir='ltr'><strong>totum</strong></span> <span class='ocrx_word' id='word_1_41' title='bbox 1678 852 1938 917; x_wconf 88' lang='lat' dir='ltr'><strong>spectas,</strong></span> <span class='ocrx_word' id='word_1_42' title='bbox 1978 851 2218 906; x_wconf 87' lang='lat' dir='ltr'><strong>ceteras</strong></span> <span class='ocrx_word' id='word_1_43' title='bbox 2246 848 2485 903; x_wconf 85' lang='lat' dir='ltr'><strong>vocales</strong></span> 
     </span>
     <span class='ocr_line' id='line_1_7' title="bbox 354 934 2494 1007; baseline 0.001 -17"><span class='ocrx_word' id='word_1_44' title='bbox 354 938 619 1005; x_wconf 90' lang='lat' dir='ltr'><strong>superat.</strong></span> <span class='ocrx_word' id='word_1_45' title='bbox 690 934 1000 1006; x_wconf 82' lang='lat' dir='ltr'><strong>Septimae</strong></span> <span class='ocrx_word' id='word_1_46' title='bbox 1076 949 1275 991; x_wconf 87' lang='lat' dir='ltr'><strong>morae</strong></span> <span class='ocrx_word' id='word_1_47' title='bbox 1338 937 1510 992; x_wconf 90' lang='lat' dir='ltr'><strong>elisio</strong></span> <span class='ocrx_word' id='word_1_48' title='bbox 1572 951 1678 1007; x_wconf 89' lang='lat' dir='ltr'><strong>per</strong></span> <span class='ocrx_word' id='word_1_49' title='bbox 1740 938 1887 1002; x_wconf 82' lang='lat' dir='ltr'><strong>haec</strong></span> <span class='ocrx_word' id='word_1_50' title='bbox 1967 937 2207 992; x_wconf 90' lang='lat' dir='ltr'><strong>saecula</strong></span> <span class='ocrx_word' id='word_1_51' title='bbox 2288 935 2494 993; x_wconf 87' lang='lat' dir='ltr'><strong>decies</strong></span> 
     </span>
     <span class='ocr_line' id='line_1_8' title="bbox 355 1024 2492 1096; baseline 0.002 -16"><span class='ocrx_word' id='word_1_52' title='bbox 355 1025 632 1085; x_wconf 81' lang='lat' dir='ltr'><strong>occurrit.</strong></span> <span class='ocrx_word' id='word_1_53' title='bbox 725 1024 890 1081; x_wconf 83' lang='lat' dir='ltr'><strong>Hanc</strong></span> <span class='ocrx_word' id='word_1_54' title='bbox 946 1024 1251 1081; x_wconf 82' lang='lat' dir='ltr'><strong>elisionem</strong></span> <span class='ocrx_word' id='word_1_55' title='bbox 1308 1041 1545 1096; x_wconf 82' lang='lat' dir='ltr'><strong>semper</strong></span> <span class='ocrx_word' id='word_1_56' title='bbox 1594 1030 1734 1084; x_wconf 90' lang='lat' dir='ltr'><strong>ante</strong></span> <span class='ocrx_word' id='word_1_57' title='bbox 1789 1026 2092 1083; x_wconf 84' lang='lat' dir='ltr'><strong>clausulas</strong></span> <span class='ocrx_word' id='word_1_58' title='bbox 2149 1025 2492 1096; x_wconf 75' lang='lat' dir='ltr'><strong>trisyllabus</strong></span> 
     </span>
     <span class='ocr_line' id='line_1_9' title="bbox 355 1113 2493 1186; baseline 0 -16"><span class='ocrx_word' id='word_1_59' title='bbox 355 1128 497 1170; x_wconf 85' lang='lat' dir='ltr'><strong>esse</strong></span> <span class='ocrx_word' id='word_1_60' title='bbox 533 1113 704 1171; x_wconf 85' lang='lat' dir='ltr'><strong>valde</strong></span> <span class='ocrx_word' id='word_1_61' title='bbox 742 1114 1115 1171; x_wconf 84' lang='lat' dir='ltr'><strong>memorabile</strong></span> <span class='ocrx_word' id='word_1_62' title='bbox 1171 1119 1283 1171; x_wconf 88' lang='lat' dir='ltr'><strong>est.</strong></span> <span class='ocrx_word' id='word_1_63' title='bbox 1367 1114 1687 1172; x_wconf 83' lang='lat' dir='ltr'><strong>Elisionem</strong></span> <span class='ocrx_word' id='word_1_64' title='bbox 1737 1131 1928 1186; x_wconf 83' lang='lat' dir='ltr'><strong>paene</strong></span> <span class='ocrx_word' id='word_1_65' title='bbox 1973 1115 2348 1172; x_wconf 85' lang='lat' dir='ltr'><strong>obsolevisse</strong></span> <span class='ocrx_word' id='word_1_66' title='bbox 2401 1130 2493 1171; x_wconf 85' lang='lat' dir='ltr'><strong>ar-</strong></span> 
     </span>
     <span class='ocr_line' id='line_1_10' title="bbox 354 1203 2488 1276; baseline 0 -15"><span class='ocrx_word' id='word_1_67' title='bbox 354 1203 595 1270; x_wconf 81' lang='lat' dir='ltr'><strong>bittere,</strong></span> <span class='ocrx_word' id='word_1_68' title='bbox 646 1205 698 1260; x_wconf 88' lang='lat' dir='ltr'><strong>si</strong></span> <span class='ocrx_word' id='word_1_69' title='bbox 751 1205 905 1262; x_wconf 90' lang='lat' dir='ltr'><strong>inter</strong></span> <span class='ocrx_word' id='word_1_70' title='bbox 956 1211 1224 1275; x_wconf 88' lang='lat' dir='ltr'><strong>quartum</strong></span> <span class='ocrx_word' id='word_1_71' title='bbox 1281 1209 1343 1261; x_wconf 93' lang='lat' dir='ltr'><strong>et</strong></span> <span class='ocrx_word' id='word_1_72' title='bbox 1392 1206 1706 1276; x_wconf 85' lang='lat' dir='ltr'><strong>septimum</strong></span> <span class='ocrx_word' id='word_1_73' title='bbox 1746 1204 2043 1260; x_wconf 86' lang='lat' dir='ltr'><strong>saeculum</strong></span> <span class='ocrx_word' id='word_1_74' title='bbox 2081 1219 2254 1260; x_wconf 91' lang='lat' dir='ltr'><strong>unum</strong></span> <span class='ocrx_word' id='word_1_75' title='bbox 2294 1218 2488 1261; x_wconf 79' lang='lat' dir='ltr'><strong>exem·</strong></span> 
     </span>
     <span class='ocr_line' id='line_1_11' title="bbox 353 1291 2495 1364; baseline 0 -16"><span class='ocrx_word' id='word_1_76' title='bbox 353 1293 510 1364; x_wconf 89' lang='lat' dir='ltr'><strong>plum</strong></span> <span class='ocrx_word' id='word_1_77' title='bbox 548 1293 769 1354; x_wconf 84' lang='lat' dir='ltr'><strong>videas.</strong></span> <span class='ocrx_word' id='word_1_78' title='bbox 844 1293 998 1350; x_wconf 85' lang='lat' dir='ltr'><strong>idem</strong></span> <span class='ocrx_word' id='word_1_79' title='bbox 1030 1295 1113 1351; x_wconf 83' lang='lat' dir='ltr'><strong>de</strong></span> <span class='ocrx_word' id='word_1_80' title='bbox 1148 1294 1503 1351; x_wconf 86' lang='lat' dir='ltr'><strong>carminibus</strong></span> <span class='ocrx_word' id='word_1_81' title='bbox 1543 1292 1901 1351; x_wconf 87' lang='lat' dir='ltr'><strong>Christianis</strong></span> <span class='ocrx_word' id='word_1_82' title='bbox 1940 1292 2055 1362; x_wconf 76' lang='lat' dir='ltr'><strong>dici</strong></span> <span class='ocrx_word' id='word_1_83' title='bbox 2103 1295 2326 1363; x_wconf 90' lang='lat' dir='ltr'><strong>potest.</strong></span> <span class='ocrx_word' id='word_1_84' title='bbox 2401 1291 2495 1348; x_wconf 92' lang='lat' dir='ltr'><strong>De</strong></span> 
     </span>
     <span class='ocr_line' id='line_1_12' title="bbox 354 1381 2492 1454; baseline 0 -18"><span class='ocrx_word' id='word_1_85' title='bbox 354 1381 567 1451; x_wconf 93' lang='lat' dir='ltr'><strong>quibus</strong></span> <span class='ocrx_word' id='word_1_86' title='bbox 630 1382 964 1453; x_wconf 82' lang='lat' dir='ltr'><strong>priusquam</strong></span> <span class='ocrx_word' id='word_1_87' title='bbox 1029 1393 1216 1454; x_wconf 78' lang='lat' dir='ltr'><strong>agam,</strong></span> <span class='ocrx_word' id='word_1_88' title='bbox 1281 1398 1452 1438; x_wconf 89' lang='lat' dir='ltr'><strong>unum</strong></span> <span class='ocrx_word' id='word_1_89' title='bbox 1517 1399 1590 1439; x_wconf 79' lang='lat' dir='ltr'><strong>ex</strong></span> <span class='ocrx_word' id='word_1_90' title='bbox 1651 1383 1852 1439; x_wconf 86' lang='lat' dir='ltr'><strong>horum</strong></span> <span class='ocrx_word' id='word_1_91' title='bbox 1916 1387 2242 1453; x_wconf 89' lang='lat' dir='ltr'><strong>temporum</strong></span> <span class='ocrx_word' id='word_1_92' title='bbox 2295 1382 2492 1452; x_wconf 88' lang='lat' dir='ltr'><strong>poetis</strong></span> 
     </span>
     <span class='ocr_line' id='line_1_13' title="bbox 355 1485 627 1527; baseline 0.007 -2"><span class='ocrx_word' id='word_1_93' title='bbox 355 1485 627 1527; x_wconf 75' lang='lat' dir='ltr'><strong>inseram.</strong></span> 
     </span>
    </p>
   </div>
   <div class='ocr_carea' id='block_1_3' title="bbox 568 1641 1110 1712">
    <p class='ocr_par' dir='ltr' id='par_1_3' title="bbox 568 1641 1110 1712">
     <span class='ocr_line' id='line_1_14' title="bbox 568 1641 1110 1712; baseline 0.011 -6"><span class='ocrx_word' id='word_1_94' title='bbox 568 1641 795 1707; x_wconf 76' lang='lat' dir='ltr'><strong>Aviani</strong></span> <span class='ocrx_word' id='word_1_95' title='bbox 814 1651 1110 1712; x_wconf 80' lang='lat' dir='ltr'><strong>carmina.</strong></span> 
     </span>
    </p>
   </div>
   <div class='ocr_carea' id='block_1_4' title="bbox 349 1792 2495 2043">
    <p class='ocr_par' dir='ltr' id='par_1_4' title="bbox 349 1792 2495 2043">
     <span class='ocr_line' id='line_1_15' title="bbox 544 1792 2490 1865; baseline 0.001 -16"><span class='ocrx_word' id='word_1_96' title='bbox 544 1792 735 1862; x_wconf 38' lang='lat' dir='ltr'><strong>,Hunc</strong></span> <span class='ocrx_word' id='word_1_97' title='bbox 774 1798 1008 1865; x_wconf 90' lang='lat' dir='ltr'><strong>poetam</strong></span> <span class='ocrx_word' id='word_1_98' title='bbox 1048 1794 1103 1850; x_wconf 95' lang='lat' dir='ltr'><strong>in</strong></span> <span class='ocrx_word' id='word_1_99' title='bbox 1157 1794 1442 1850; x_wconf 87' lang='lat' dir='ltr'><strong>clausulis</strong></span> <span class='ocrx_word' id='word_1_100' title='bbox 1495 1792 2490 1862; x_wconf 77' lang='lat' dir='ltr'><strong>constituendis,diligentissimum</strong></span> 
     </span>
     <span class='ocr_line' id='line_1_16' title="bbox 349 1881 2493 1951; baseline -0 -11"><span class='ocrx_word' id='word_1_101' title='bbox 349 1882 541 1940; x_wconf 79' lang='lat' dir='ltr'><strong>fuisse</strong></span> <span class='ocrx_word' id='word_1_102' title='bbox 577 1883 842 1944; x_wconf 75' lang='lat' dir='ltr'><strong>vidimus,</strong></span> <span class='ocrx_word' id='word_1_103' title='bbox 918 1881 1259 1951; x_wconf 82' lang='lat' dir='ltr'><strong>Quaeritur,</strong></span> <span class='ocrx_word' id='word_1_104' title='bbox 1297 1899 1430 1939; x_wconf 89' lang='lat' dir='ltr'><strong>num</strong></span> <span class='ocrx_word' id='word_1_105' title='bbox 1470 1882 1677 1938; x_wconf 88' lang='lat' dir='ltr'><strong>eadem</strong></span> <span class='ocrx_word' id='word_1_106' title='bbox 1737 1883 1793 1937; x_wconf 93' lang='lat' dir='ltr'><strong>in</strong></span> <span class='ocrx_word' id='word_1_107' title='bbox 1849 1882 2096 1938; x_wconf 89' lang='lat' dir='ltr'><strong>alterius</strong></span> <span class='ocrx_word' id='word_1_108' title='bbox 2144 1882 2493 1939; x_wconf 86' lang='lat' dir='ltr'><strong>hemistichii</strong></span> 
     </span>
     <span class='ocr_line' id='line_1_17' title="bbox 351 1969 2495 2043; baseline -0.001 -14"><span class='ocrx_word' id='word_1_109' title='bbox 351 1971 697 2029; x_wconf 87' lang='lat' dir='ltr'><strong>elisionibus</strong></span> <span class='ocrx_word' id='word_1_110' title='bbox 757 1972 1060 2043; x_wconf 76' lang='lat' dir='ltr'><strong>diligentia</strong></span> <span class='ocrx_word' id='word_1_111' title='bbox 1113 1989 1256 2029; x_wconf 90' lang='lat' dir='ltr'><strong>usus</strong></span> <span class='ocrx_word' id='word_1_112' title='bbox 1310 1973 1405 2030; x_wconf 88' lang='lat' dir='ltr'><strong>sit.</strong></span> <span class='ocrx_word' id='word_1_113' title='bbox 1481 1969 1656 2042; x_wconf 91' lang='lat' dir='ltr'><strong>Apud</strong></span> <span class='ocrx_word' id='word_1_114' title='bbox 1695 1969 2120 2026; x_wconf 82' lang='lat' dir='ltr'><strong>Baehrensium</strong></span> <span class='ocrx_word' id='word_1_115' title='bbox 2180 1971 2351 2028; x_wconf 90' lang='lat' dir='ltr'><strong>elisio</strong></span> <span class='ocrx_word' id='word_1_116' title='bbox 2401 1976 2495 2027; x_wconf 91' lang='lat' dir='ltr'><strong>ter</strong></span> 
     </span>
    </p>
   </div>
   <div class='ocr_carea' id='block_1_5' title="bbox 350 2063 639 2119">
    <p class='ocr_par' dir='ltr' id='par_1_5' title="bbox 350 2063 639 2119">
     <span class='ocr_line' id='line_1_18' title="bbox 350 2063 639 2119; baseline -0.007 0"><span class='ocrx_word' id='word_1_117' title='bbox 350 2063 609 2119; x_wconf 88' lang='lat' dir='ltr'><strong>occurrit</strong></span> <span class='ocrx_word' id='word_1_118' title='bbox 627 2078 639 2117; x_wconf 78' lang='lat' dir='ltr'><strong><em>z</em></strong></span> 
     </span>
    </p>
   </div>
   <div class='ocr_carea' id='block_1_6' title="bbox 662 2157 1940 2430">
    <p class='ocr_par' dir='ltr' id='par_1_6' title="bbox 662 2157 1940 2430">
     <span class='ocr_line' id='line_1_19' title="bbox 668 2157 1940 2235; baseline 0.008 -21"><span class='ocrx_word' id='word_1_119' title='bbox 668 2157 803 2215; x_wconf 75' lang='lat' dir='ltr'><strong>scite</strong></span> <span class='ocrx_word' id='word_1_120' title='bbox 846 2157 1061 2215; x_wconf 80' lang='lat' dir='ltr'><strong>abolere</strong></span> <span class='ocrx_word' id='word_1_121' title='bbox 1104 2159 1268 2233; x_wconf 77' lang='lat' dir='ltr'><strong>capit.</strong></span> <span class='ocrx_word' id='word_1_122' title='bbox 1779 2167 1940 2235; x_wconf 79' lang='lat'>14,12</span> 
     </span>
     <span class='ocr_line' id='line_1_20' title="bbox 667 2253 1901 2336; baseline 0.002 -26"><span class='ocrx_word' id='word_1_123' title='bbox 667 2273 797 2311; x_wconf 82' lang='lat' dir='ltr'><strong>nam</strong></span> <span class='ocrx_word' id='word_1_124' title='bbox 842 2253 1099 2313; x_wconf 71' lang='lat' dir='ltr'><strong>domita-n</strong></span> <span class='ocrx_word' id='word_1_125' title='bbox 1147 2273 1260 2313; x_wconf 89' lang='grc'><strong><em>6336</em></strong></span> <span class='ocrx_word' id='word_1_126' title='bbox 1293 2255 1534 2336; x_wconf 81' lang='lat' dir='ltr'><strong>feram.··</strong></span> <span class='ocrx_word' id='word_1_127' title='bbox 1775 2256 1901 2326; x_wconf 73' lang='lat' dir='ltr'><strong>24,ss</strong></span> 
     </span>
     <span class='ocr_line' id='line_1_21' title="bbox 662 2345 1896 2430; baseline 0.004 -20"><span class='ocrx_word' id='word_1_128' title='bbox 662 2370 720 2410; x_wconf 87' lang='grc'><strong>36</strong></span> <span class='ocrx_word' id='word_1_129' title='bbox 763 2355 996 2430; x_wconf 73' lang='lat' dir='ltr'><strong>pretium</strong></span> <span class='ocrx_word' id='word_1_130' title='bbox 1043 2371 1155 2410; x_wconf 87' lang='grc'><strong><em>6336</em></strong></span> <span class='ocrx_word' id='word_1_131' title='bbox 1199 2350 1367 2417; x_wconf 79' lang='lat' dir='ltr'><strong>docet,</strong></span> <span class='ocrx_word' id='word_1_132' title='bbox 1614 2361 1618 2367; x_wconf 75' lang='grc'><em>’</em></span> <span class='ocrx_word' id='word_1_133' title='bbox 1770 2345 1896 2415; x_wconf 67' lang='lat' dir='ltr'><strong>39,ss</strong></span> 
     </span>
    </p>
   </div>
   <div class='ocr_carea' id='block_1_7' title="bbox 347 2435 2490 2603">
    <p class='ocr_par' dir='ltr' id='par_1_7' title="bbox 347 2435 2490 2603">
     <span class='ocr_line' id='line_1_22' title="bbox 347 2435 2490 2534; baseline 0.001 -21"><span class='ocrx_word' id='word_1_134' title='bbox 347 2435 474 2511; x_wconf 80' lang='lat' dir='ltr'><strong>Sed</strong></span> <span class='ocrx_word' id='word_1_135' title='bbox 537 2453 887 2529; x_wconf 79' lang='lat' dir='ltr'><strong>Baehrensii</strong></span> <span class='ocrx_word' id='word_1_136' title='bbox 939 2456 1356 2514; x_wconf 84' lang='lat' dir='ltr'><strong>adnotationes</strong></span> <span class='ocrx_word' id='word_1_137' title='bbox 1422 2456 1676 2514; x_wconf 81' lang='lat' dir='ltr'><strong>&#39;codices</strong></span> <span class='ocrx_word' id='word_1_138' title='bbox 1733 2455 1847 2513; x_wconf 90' lang='lat' dir='ltr'><strong>alia</strong></span> <span class='ocrx_word' id='word_1_139' title='bbox 1921 2455 2204 2514; x_wconf 78' lang='lat' dir='ltr'><strong>exhibere</strong></span> <span class='ocrx_word' id='word_1_140' title='bbox 2256 2456 2490 2534; x_wconf 63' lang='lat' dir='ltr'><strong>docent,</strong></span> 
     </span>
     <span class='ocr_line' id='line_1_23' title="bbox 349 2543 2059 2603; baseline -0.012 -4"><span class='ocrx_word' id='word_1_141' title='bbox 349 2543 751 2601; x_wconf 86' lang='lat' dir='ltr'><strong>Baehrensius</strong></span> <span class='ocrx_word' id='word_1_142' title='bbox 788 2546 1062 2603; x_wconf 87' lang='lat' dir='ltr'><strong>adnotat:</strong></span> <span class='ocrx_word' id='word_1_143' title='bbox 1193 2552 1198 2557; x_wconf 85' lang='grc'><strong>’</strong></span> <span class='ocrx_word' id='word_1_144' title='bbox 1719 2554 1722 2559; x_wconf 53' lang='lat'>&gt;</span> <span class='ocrx_word' id='word_1_145' title='bbox 2052 2554 2059 2561; x_wconf 90' lang='lat'><strong>·</strong></span> 
     </span>
    </p>
   </div>
   <div class='ocr_carea' id='block_1_8' title="bbox 559 2650 2183 2926">
    <p class='ocr_par' dir='ltr' id='par_1_8' title="bbox 559 2650 2183 2926">
     <span class='ocr_line' id='line_1_24' title="bbox 566 2650 2049 2731; baseline -0.003 -18"><span class='ocrx_word' id='word_1_146' title='bbox 566 2653 623 2723; x_wconf 87' lang='lat'><strong>1)</strong></span> <span class='ocrx_word' id='word_1_147' title='bbox 663 2652 746 2709; x_wconf 83' lang='lat' dir='ltr'><strong>sic</strong></span> <span class='ocrx_word' id='word_1_148' title='bbox 833 2651 1051 2710; x_wconf 82' lang='lat' dir='ltr'><strong>abolere</strong></span> <span class='ocrx_word' id='word_1_149' title='bbox 1094 2690 1107 2703; x_wconf 87' lang='lat'><strong>.</strong></span> <span class='ocrx_word' id='word_1_150' title='bbox 1149 2693 1163 2707; x_wconf 90' lang='lat'><strong>.</strong></span> <span class='ocrx_word' id='word_1_151' title='bbox 1202 2693 1216 2706; x_wconf 90' lang='lat'><strong>.</strong></span> <span class='ocrx_word' id='word_1_152' title='bbox 1561 2655 1770 2725; x_wconf 88' lang='lat' dir='ltr'><strong>scripsi</strong></span> <span class='ocrx_word' id='word_1_153' title='bbox 1814 2650 2049 2731; x_wconf 73' lang='lat' dir='ltr'><strong>„soite“.</strong></span> 
     </span>
     <span class='ocr_line' id='line_1_25' title="bbox 559 2748 2183 2823; baseline 0.001 -15"><span class='ocrx_word' id='word_1_154' title='bbox 559 2753 620 2822; x_wconf 84' lang='lat'><strong>2)</strong></span> <span class='ocrx_word' id='word_1_155' title='bbox 661 2769 789 2806; x_wconf 85' lang='lat' dir='ltr'><strong>nam</strong></span> <span class='ocrx_word' id='word_1_156' title='bbox 834 2748 986 2807; x_wconf 84' lang='lat' dir='ltr'><strong>docet</strong></span> <span class='ocrx_word' id='word_1_157' title='bbox 1031 2769 1145 2808; x_wconf 88' lang='grc'><strong><em>6336</em></strong></span> <span class='ocrx_word' id='word_1_158' title='bbox 1182 2789 1194 2801; x_wconf 83' lang='grc'><strong>.</strong></span> <span class='ocrx_word' id='word_1_159' title='bbox 1238 2788 1249 2799; x_wconf 83' lang='lat'><strong>·</strong></span> <span class='ocrx_word' id='word_1_160' title='bbox 1564 2753 1776 2823; x_wconf 90' lang='lat' dir='ltr'><strong>scripsi</strong></span> <span class='ocrx_word' id='word_1_161' title='bbox 1818 2753 2183 2819; x_wconf 86' lang='lat' dir='ltr'><strong>‚,d0mitam“.</strong></span> 
     </span>
     <span class='ocr_line' id='line_1_26' title="bbox 560 2846 2140 2926; baseline 0.003 -18"><span class='ocrx_word' id='word_1_162' title='bbox 560 2852 622 2921; x_wconf 76' lang='lat'><strong>5)</strong></span> <span class='ocrx_word' id='word_1_163' title='bbox 659 2867 718 2906; x_wconf 82' lang='grc'><strong>36</strong></span> <span class='ocrx_word' id='word_1_164' title='bbox 765 2846 919 2905; x_wconf 80' lang='lat' dir='ltr'><strong>docet</strong></span> <span class='ocrx_word' id='word_1_165' title='bbox 964 2867 1076 2907; x_wconf 86' lang='grc'><strong><em>6336</em></strong></span> <span class='ocrx_word' id='word_1_166' title='bbox 1117 2851 1295 2926; x_wconf 76' lang='lat' dir='ltr'><strong>prius.</strong></span> <span class='ocrx_word' id='word_1_167' title='bbox 1558 2849 1852 2908; x_wconf 85' lang='lat' dir='ltr'><strong>Adnotat:</strong></span> <span class='ocrx_word' id='word_1_168' title='bbox 1891 2853 2140 2912; x_wconf 77' lang='lat' dir='ltr'><strong>correxi.</strong></span> 
     </span>
    </p>
   </div>
   <div class='ocr_carea' id='block_1_9' title="bbox 272 2957 2491 3479">
    <p class='ocr_par' dir='ltr' id='par_1_9' title="bbox 272 2957 2491 3479">
     <span class='ocr_line' id='line_1_27' title="bbox 560 2957 2491 3030; baseline 0.002 -17"><span class='ocrx_word' id='word_1_169' title='bbox 560 2957 617 3014; x_wconf 90' lang='lat' dir='ltr'><strong>ln</strong></span> <span class='ocrx_word' id='word_1_170' title='bbox 658 2958 865 3016; x_wconf 81' lang='lat' dir='ltr'><strong>Aviani</strong></span> <span class='ocrx_word' id='word_1_171' title='bbox 928 2958 1143 3015; x_wconf 74' lang='lat' dir='ltr'><strong>tabulis</strong></span> <span class='ocrx_word' id='word_1_172' title='bbox 1206 2959 1388 3030; x_wconf 76' lang='lat' dir='ltr'><strong>igitur</strong></span> <span class='ocrx_word' id='word_1_173' title='bbox 1449 2959 1735 3016; x_wconf 87' lang='lat' dir='ltr'><strong>elisiones</strong></span> <span class='ocrx_word' id='word_1_174' title='bbox 1796 2974 1912 3015; x_wconf 91' lang='lat' dir='ltr'><strong>non</strong></span> <span class='ocrx_word' id='word_1_175' title='bbox 1973 2959 2220 3028; x_wconf 75' lang='lat' dir='ltr'><strong>intuere,</strong></span> <span class='ocrx_word' id='word_1_176' title='bbox 2285 2959 2393 3016; x_wconf 90' lang='lat' dir='ltr'><strong>sed</strong></span> <span class='ocrx_word' id='word_1_177' title='bbox 2455 2976 2491 3017; x_wconf 97' lang='lat' dir='ltr'><strong>a</strong></span> 
     </span>
     <span class='ocr_line' id='line_1_28' title="bbox 328 3047 2486 3120; baseline 0 -16"><span class='ocrx_word' id='word_1_178' title='bbox 328 3048 711 3105; x_wconf 83' lang='lat' dir='ltr'><strong>-ssaehrensio</strong></span> <span class='ocrx_word' id='word_1_179' title='bbox 738 3049 937 3107; x_wconf 87' lang='lat' dir='ltr'><strong>illatae</strong></span> <span class='ocrx_word' id='word_1_180' title='bbox 974 3053 1126 3106; x_wconf 90' lang='lat' dir='ltr'><strong>sunt.</strong></span> <span class='ocrx_word' id='word_1_181' title='bbox 1205 3047 1328 3107; x_wconf 87' lang='lat' dir='ltr'><strong>Sed</strong></span> <span class='ocrx_word' id='word_1_182' title='bbox 1368 3050 1700 3120; x_wconf 86' lang='lat' dir='ltr'><strong>priusquam</strong></span> <span class='ocrx_word' id='word_1_183' title='bbox 1721 3047 1796 3103; x_wconf 89' lang='lat' dir='ltr'><strong>ad</strong></span> <span class='ocrx_word' id='word_1_184' title='bbox 1834 3048 2016 3104; x_wconf 84' lang='lat' dir='ltr'><strong>verba</strong></span> <span class='ocrx_word' id='word_1_185' title='bbox 2037 3052 2255 3118; x_wconf 87' lang='lat' dir='ltr'><strong>poetae</strong></span> <span class='ocrx_word' id='word_1_186' title='bbox 2293 3064 2486 3105; x_wconf 89' lang='lat' dir='ltr'><strong>emen·</strong></span> 
     </span>
     <span class='ocr_line' id='line_1_29' title="bbox 343 3136 2490 3211; baseline 0 -17"><span class='ocrx_word' id='word_1_187' title='bbox 343 3137 538 3195; x_wconf 90' lang='lat' dir='ltr'><strong>danda</strong></span> <span class='ocrx_word' id='word_1_188' title='bbox 606 3138 971 3209; x_wconf 76' lang='lat' dir='ltr'><strong>aggrediare,</strong></span> <span class='ocrx_word' id='word_1_189' title='bbox 1040 3143 1351 3211; x_wconf 88' lang='lat' dir='ltr'><strong>praestare</strong></span> <span class='ocrx_word' id='word_1_190' title='bbox 1412 3138 1608 3195; x_wconf 90' lang='lat' dir='ltr'><strong>iudico</strong></span> <span class='ocrx_word' id='word_1_191' title='bbox 1670 3137 1852 3193; x_wconf 82' lang='lat' dir='ltr'><strong>verba</strong></span> <span class='ocrx_word' id='word_1_192' title='bbox 1915 3136 2129 3196; x_wconf 89' lang='lat' dir='ltr'><strong>tradita</strong></span> <span class='ocrx_word' id='word_1_193' title='bbox 2203 3137 2490 3209; x_wconf 87' lang='lat' dir='ltr'><strong>interpre-</strong></span> 
     </span>
     <span class='ocr_line' id='line_1_30' title="bbox 343 3225 2488 3296; baseline 0 -12"><span class='ocrx_word' id='word_1_194' title='bbox 343 3228 477 3288; x_wconf 89' lang='lat' dir='ltr'><strong>tari.</strong></span> <span class='ocrx_word' id='word_1_195' title='bbox 553 3227 656 3284; x_wconf 87' lang='lat' dir='ltr'><strong>Me</strong></span> <span class='ocrx_word' id='word_1_196' title='bbox 684 3228 876 3285; x_wconf 91' lang='lat' dir='ltr'><strong>iudice</strong></span> <span class='ocrx_word' id='word_1_197' title='bbox 897 3228 973 3284; x_wconf 92' lang='lat' dir='ltr'><strong>illi</strong></span> <span class='ocrx_word' id='word_1_198' title='bbox 1015 3228 1127 3284; x_wconf 91' lang='lat' dir='ltr'><strong>loci</strong></span> <span class='ocrx_word' id='word_1_199' title='bbox 1168 3230 1333 3284; x_wconf 91' lang='lat' dir='ltr'><strong>recte</strong></span> <span class='ocrx_word' id='word_1_200' title='bbox 1372 3243 1440 3283; x_wconf 91' lang='lat' dir='ltr'><strong>se</strong></span> <span class='ocrx_word' id='word_1_201' title='bbox 1478 3227 1715 3288; x_wconf 78' lang='lat' dir='ltr'><strong>habent.</strong></span> <span class='ocrx_word' id='word_1_202' title='bbox 1756 3241 1949 3296; x_wconf 89' lang='lat' dir='ltr'><strong>neque</strong></span> <span class='ocrx_word' id='word_1_203' title='bbox 1975 3225 2330 3283; x_wconf 88' lang='lat' dir='ltr'><strong>Baehrensii</strong></span> <span class='ocrx_word' id='word_1_204' title='bbox 2369 3242 2488 3284; x_wconf 89' lang='lat' dir='ltr'><strong>mu-</strong></span> 
     </span>
     <span class='ocr_line' id='line_1_31' title="bbox 342 3315 2487 3400; baseline 0 -27"><span class='ocrx_word' id='word_1_205' title='bbox 342 3315 669 3374; x_wconf 89' lang='lat' dir='ltr'><strong>tationibus</strong></span> <span class='ocrx_word' id='word_1_206' title='bbox 706 3334 859 3389; x_wconf 88' lang='lat' dir='ltr'><strong>opus</strong></span> <span class='ocrx_word' id='word_1_207' title='bbox 899 3322 1022 3387; x_wconf 89' lang='lat' dir='ltr'><strong>est;</strong></span> <span class='ocrx_word' id='word_1_208' title='bbox 1074 3317 1351 3388; x_wconf 87' lang='lat' dir='ltr'><strong>imprimis</strong></span> <span class='ocrx_word' id='word_1_209' title='bbox 1403 3317 1646 3384; x_wconf 87' lang='lat' dir='ltr'><strong>„scite“‚</strong></span> <span class='ocrx_word' id='word_1_210' title='bbox 1687 3316 1819 3387; x_wconf 90' lang='lat' dir='ltr'><strong>quia</strong></span> <span class='ocrx_word' id='word_1_211' title='bbox 1871 3315 2094 3374; x_wconf 82' lang='lat' dir='ltr'><strong>vocalis</strong></span> <span class='ocrx_word' id='word_1_212' title='bbox 2148 3316 2487 3400; x_wconf 67' lang='lat' dir='ltr'><strong>longa-est,</strong></span> 
     </span>
     <span class='ocr_line' id='line_1_32' title="bbox 272 3396 1064 3479; baseline 0.003 -16"><span class='ocrx_word' id='word_1_213' title='bbox 272 3396 281 3404; x_wconf 75' lang='grc'><strong>’</strong></span> <span class='ocrx_word' id='word_1_214' title='bbox 342 3406 570 3464; x_wconf 80' lang='lat' dir='ltr'><strong>Aviano</strong></span> <span class='ocrx_word' id='word_1_215' title='bbox 608 3407 872 3465; x_wconf 91' lang='lat' dir='ltr'><strong>tribuere</strong></span> <span class='ocrx_word' id='word_1_216' title='bbox 910 3409 1064 3479; x_wconf 86' lang='lat' dir='ltr'><strong>nolo.</strong></span> 
     </span>
    </p>
   </div>
   <div class='ocr_carea' id='block_1_10' title="bbox 557 3566 1358 3636">
    <p class='ocr_par' dir='ltr' id='par_1_10' title="bbox 557 3566 1358 3636">
     <span class='ocr_line' id='line_1_33' title="bbox 557 3566 1358 3636; baseline 0.002 -13"><span class='ocrx_word' id='word_1_217' title='bbox 557 3568 612 3636; x_wconf 88' lang='lat'><strong>8)</strong></span> <span class='ocrx_word' id='word_1_218' title='bbox 654 3566 931 3626; x_wconf 87' lang='lat' dir='ltr'><strong>Carmina</strong></span> <span class='ocrx_word' id='word_1_219' title='bbox 972 3567 1358 3627; x_wconf 82' lang='lat' dir='ltr'><strong>Christiana.</strong></span> 
     </span>
    </p>
   </div>
   <div class='ocr_carea' id='block_1_11' title="bbox 341 3675 2477 3831">
    <p class='ocr_par' dir='ltr' id='par_1_11' title="bbox 341 3675 2477 3831">
     <span class='ocr_line' id='line_1_34' title="bbox 557 3675 2477 3748; baseline -0.001 -12"><span class='ocrx_word' id='word_1_220' title='bbox 557 3678 837 3736; x_wconf 85' lang='lat' dir='ltr'><strong>Elisionis</strong></span> <span class='ocrx_word' id='word_1_221' title='bbox 877 3693 1020 3735; x_wconf 90' lang='lat' dir='ltr'><strong>usus</strong></span> <span class='ocrx_word' id='word_1_222' title='bbox 1059 3677 1338 3745; x_wconf 82' lang='lat' dir='ltr'><strong>decrevit,</strong></span> <span class='ocrx_word' id='word_1_223' title='bbox 1380 3680 1658 3747; x_wconf 88' lang='lat' dir='ltr'><strong>quattuor</strong></span> <span class='ocrx_word' id='word_1_224' title='bbox 1696 3675 1885 3733; x_wconf 88' lang='lat' dir='ltr'><strong>solum</strong></span> <span class='ocrx_word' id='word_1_225' title='bbox 1939 3676 2207 3748; x_wconf 76' lang='lat' dir='ltr'><strong>exempla</strong></span> <span class='ocrx_word' id='word_1_226' title='bbox 2259 3675 2315 3732; x_wconf 89' lang='lat' dir='ltr'><strong>in</strong></span> <span class='ocrx_word' id='word_1_227' title='bbox 2370 3677 2477 3734; x_wconf 83' lang='lat' dir='ltr'><strong>hac</strong></span> 
     </span>
     <span class='ocr_line' id='line_1_35' title="bbox 341 3767 1388 3831; baseline -0.007 0"><span class='ocrx_word' id='word_1_228' title='bbox 341 3774 724 3831; x_wconf 89' lang='lat' dir='ltr'><strong>distichorum</strong></span> <span class='ocrx_word' id='word_1_229' title='bbox 763 3767 1133 3825; x_wconf 89' lang='lat' dir='ltr'><strong>multitudine</strong></span> <span class='ocrx_word' id='word_1_230' title='bbox 1172 3767 1388 3826; x_wconf 89' lang='lat' dir='ltr'><strong>insunt.</strong></span> 
     </span>
    </p>
   </div>
   <div class='ocr_carea' id='block_1_12' title="bbox 659 3882 2487 4274">
    <p class='ocr_par' dir='ltr' id='par_1_12' title="bbox 659 3882 2487 4274">
     <span class='ocr_line' id='line_1_36' title="bbox 661 3882 2486 3953; baseline -0.001 -9"><span class='ocrx_word' id='word_1_231' title='bbox 661 3884 805 3944; x_wconf 78' lang='lat' dir='ltr'><strong>unde</strong></span> <span class='ocrx_word' id='word_1_232' title='bbox 851 3892 967 3942; x_wconf 80' lang='lat' dir='ltr'><strong>erat</strong></span> <span class='ocrx_word' id='word_1_233' title='bbox 1014 3888 1062 3941; x_wconf 84' lang='lat' dir='ltr'><strong>et</strong></span> <span class='ocrx_word' id='word_1_234' title='bbox 1106 3882 1289 3942; x_wconf 76' lang='lat' dir='ltr'><strong>rediit.</strong></span> <span class='ocrx_word' id='word_1_235' title='bbox 1722 3882 1950 3953; x_wconf 75' lang='lat'>1431,12</span> <span class='ocrx_word' id='word_1_236' title='bbox 2025 3884 2059 3940; x_wconf 80' lang='grc' dir='ltr'>ὲ</span> <span class='ocrx_word' id='word_1_237' title='bbox 2101 3914 2160 3923; x_wconf 89' lang='grc'><strong>-</strong></span> <span class='ocrx_word' id='word_1_238' title='bbox 2205 3885 2239 3939; x_wconf 78' lang='grc' dir='ltr'>ὲ</span> <span class='ocrx_word' id='word_1_239' title='bbox 2313 3882 2376 3940; x_wconf 90' lang='lat'><strong>111</strong></span> <span class='ocrx_word' id='word_1_240' title='bbox 2416 3901 2486 3942; x_wconf 86' lang='lat' dir='ltr'><strong>m.</strong></span> 
     </span>
     <span class='ocr_line' id='line_1_37' title="bbox 659 3979 2485 4059; baseline -0.001 -9"><span class='ocrx_word' id='word_1_241' title='bbox 659 3992 797 4050; x_wconf 77' lang='lat' dir='ltr'><strong>hunc</strong></span> <span class='ocrx_word' id='word_1_242' title='bbox 843 3991 1027 4049; x_wconf 80' lang='lat' dir='ltr'><strong>tumuli</strong></span> <span class='ocrx_word' id='word_1_243' title='bbox 1075 4011 1190 4050; x_wconf 89' lang='grc'><strong><em>6336</em></strong></span> <span class='ocrx_word' id='word_1_244' title='bbox 1236 3989 1422 4047; x_wconf 79' lang='lat' dir='ltr'><strong>locum.</strong></span> <span class='ocrx_word' id='word_1_245' title='bbox 1735 3979 1930 4059; x_wconf 82' lang='lat'><strong>907,4&#39;</strong></span> <span class='ocrx_word' id='word_1_246' title='bbox 2016 3991 2031 4046; x_wconf 94' lang='lat' dir='ltr'><strong>i</strong></span> <span class='ocrx_word' id='word_1_247' title='bbox 2078 4020 2148 4031; x_wconf 91' lang='lat'>—</span> <span class='ocrx_word' id='word_1_248' title='bbox 2193 3993 2228 4048; x_wconf 78' lang='grc' dir='ltr'>ἑ</span> <span class='ocrx_word' id='word_1_249' title='bbox 2322 3991 2372 4049; x_wconf 94' lang='lat' dir='ltr'>V</span> <span class='ocrx_word' id='word_1_250' title='bbox 2414 4009 2485 4049; x_wconf 87' lang='lat' dir='ltr'><strong>m.</strong></span> 
     </span>
     <span class='ocr_line' id='line_1_38' title="bbox 668 4097 2464 4178; baseline -0.001 -21"><span class='ocrx_word' id='word_1_251' title='bbox 668 4099 918 4178; x_wconf 76' lang='lat' dir='ltr'><strong>Elysium</strong></span> <span class='ocrx_word' id='word_1_252' title='bbox 964 4097 1292 4174; x_wconf 76' lang='lat' dir='ltr'><strong>inyrederis.</strong></span> <span class='ocrx_word' id='word_1_253' title='bbox 1708 4097 1891 4167; x_wconf 82' lang='lat'>1443,1</span> <span class='ocrx_word' id='word_1_254' title='bbox 1944 4115 2035 4154; x_wconf 89' lang='lat' dir='ltr'><strong>um</strong></span> <span class='ocrx_word' id='word_1_255' title='bbox 2083 4129 2143 4137; x_wconf 91' lang='lat'><em>-</em></span> <span class='ocrx_word' id='word_1_256' title='bbox 2187 4101 2246 4155; x_wconf 88' lang='lat' dir='ltr'><strong>in</strong></span> <span class='ocrx_word' id='word_1_257' title='bbox 2322 4098 2374 4156; x_wconf 88' lang='lat' dir='ltr'>V</span> <span class='ocrx_word' id='word_1_258' title='bbox 2412 4116 2464 4156; x_wconf 92' lang='lat' dir='ltr'><strong>m</strong></span> 
     </span>
     <span class='ocr_line' id='line_1_39' title="bbox 663 4204 2487 4274; baseline -0.001 -10"><span class='ocrx_word' id='word_1_259' title='bbox 663 4205 930 4264; x_wconf 75' lang='lat' dir='ltr'><strong>transtulit</strong></span> <span class='ocrx_word' id='word_1_260' title='bbox 976 4206 1114 4263; x_wconf 78' lang='lat' dir='ltr'><strong>hora</strong></span> <span class='ocrx_word' id='word_1_261' title='bbox 1161 4207 1397 4265; x_wconf 75' lang='lat' dir='ltr'><strong>animas.</strong></span> <span class='ocrx_word' id='word_1_262' title='bbox 1705 4204 1939 4274; x_wconf 84' lang='lat'>1438,10</span> <span class='ocrx_word' id='word_1_263' title='bbox 1999 4208 2033 4263; x_wconf 72' lang='grc' dir='ltr'>ὲ</span> <span class='ocrx_word' id='word_1_264' title='bbox 2076 4238 2138 4246; x_wconf 93' lang='grc'><strong>-</strong></span> <span class='ocrx_word' id='word_1_265' title='bbox 2197 4208 2233 4263; x_wconf 75' lang='grc' dir='ltr'><strong>ὲ</strong></span> <span class='ocrx_word' id='word_1_266' title='bbox 2270 4206 2368 4264; x_wconf 82' lang='lat' dir='ltr'><strong>Vll</strong></span> <span class='ocrx_word' id='word_1_267' title='bbox 2416 4223 2487 4269; x_wconf 84' lang='lat' dir='ltr'><strong>m.</strong></span> 
     </span>
    </p>
   </div>
   <div class='ocr_carea' id='block_1_13' title="bbox 340 4307 2021 4387">
    <p class='ocr_par' dir='ltr' id='par_1_13' title="bbox 340 4307 2021 4387">
     <span class='ocr_line' id='line_1_40' title="bbox 340 4307 2021 4387; baseline -0.004 -20"><span class='ocrx_word' id='word_1_268' title='bbox 340 4309 544 4383; x_wconf 76' lang='lat' dir='ltr'><strong>Longa</strong></span> <span class='ocrx_word' id='word_1_269' title='bbox 584 4307 810 4387; x_wconf 78' lang='lat' dir='ltr'><strong>syllaba</strong></span> <span class='ocrx_word' id='word_1_270' title='bbox 850 4307 1087 4365; x_wconf 82' lang='lat' dir='ltr'><strong>eliditur</strong></span> <span class='ocrx_word' id='word_1_271' title='bbox 1126 4308 1326 4374; x_wconf 88' lang='lat' dir='ltr'><strong>semel,</strong></span> <span class='ocrx_word' id='word_1_272' title='bbox 1366 4309 1684 4379; x_wconf 86' lang='lat' dir='ltr'><strong>praeterea</strong></span> <span class='ocrx_word' id='word_1_273' title='bbox 1728 4307 1777 4371; x_wconf 74' lang='lat' dir='ltr'><strong>e,</strong></span> <span class='ocrx_word' id='word_1_274' title='bbox 1819 4307 1869 4373; x_wconf 78' lang='grc' dir='ltr'><strong>ἐι,</strong></span> <span class='ocrx_word' id='word_1_275' title='bbox 1912 4322 2021 4370; x_wconf 82' lang='lat' dir='ltr'><strong>um,</strong></span> 
     </span>
    </p>
   </div>
  </div>
 </body>
</html>
