2984 4925
1246 330 1609 394 .—2⁷-

596 523 899 597 syll.long.
976 526 1104 598 syll.
1122 525 1281 584 brev.
1339 542 1432 594 S,r
1577 541 1629 582 111
1775 525 1935 583 verb.
1999 525 2158 584 verb.
2174 524 2361 583 subst.
2435 528 2500 582 nt

375 621 460 669 nb.
520 612 539 670 1
707 615 780 670 77
1123 618 1159 673 5
1354 614 1428 673 20
1577 618 1643 672 19
1820 617 1890 676 51
2174 616 2213 671 8
2437 616 2503 671 16

375 709 460 757 nb.
499 701 543 759 11
710 704 784 760 75
1123 705 1160 761 5
1364 706 1429 761 16
1580 707 1645 761 19
1825 704 1891 761 17
2172 707 2209 760 7
2464 703 2502 759 8

589 791 876 850 Rationes
915 792 1129 864 prioris
1169 793 1328 852 libri:
1367 797 1476 851 77·
1504 797 1605 864 94;
1645 796 1918 853 alterius:
1957 798 2029 853 55
2053 812 2067 851 z
2092 796 2178 851 67.

585 880 852 951 Uterque
911 880 1059 938 liber
1114 882 1190 940 ab
1250 881 1465 943 Ovidio
1519 888 1581 942 et
1637 902 1672 942 a
1727 884 2081 942 carminibus
2143 882 2501 941 Christianis

372 972 694 1045 discrepat.

584 1062 649 1131 b)
694 1062 1103 1121 Clausularum
1144 1062 1622 1137 trisyllabamm
1663 1079 1944 1121 numerus
1984 1068 2077 1121 est

795 1153 867 1221 α)
906 1154 961 1209 in
1000 1153 1199 1225 priore
1240 1152 1389 1210 libro
1425 1156 1501 1210 78
1552 1154 1623 1230 β)
1664 1154 1721 1211 in
1759 1153 1950 1212 altero
1989 1155 2074 1214 52.

656 1250 784 1323 syll.
825 1251 977 1321 long.
1183 1251 1343 1310 brev.
1526 1269 1571 1316 s,
1600 1268 1629 1308 r
1815 1268 1867 1308 m
2072 1250 2234 1308 verb.
2439 1253 2502 1307 nt

376 1348 446 1395 nb
587 1339 606 1396 1
769 1341 842 1396 59
1244 1345 1280 1400 5
1570 1344 1608 1396 9
1795 1340 1852 1397 11
2131 1340 2196 1396 10
2449 1338 2485 1393 4

376 1439 457 1485 nb.
550 1429 599 1487 11
764 1432 837 1487 20
1251 1433 1287 1489 5
1540 1435 1604 1487 10
1824 1432 1860 1487 4
2129 1432 2195 1488 15
2232 1439 2242 1448 ·
2450 1431 2499 1484 2

586 1501 872 1559 Rationes
909 1464 1126 1573 prioris
1165 1501 1325 1560 libri:
1363 1506 1434 1561 59
1461 1521 1474 1560 ε
1501 1506 1587 1570 59,
1628 1503 1873 1560 alterius
1909 1502 1981 1559 20
2008 1519 2020 1559 :
2048 1500 2135 1564 52.

586 1594 639 1658 c)
684 1590 1095 1649 Clausularum
1134 1590 1755 1665 quadrisyllabarnm
1795 1608 2069 1649 numerus
2109 1594 2205 1648 est

800 1692 870 1761 α)
909 1692 964 1747 in
1005 1691 1203 1764 priore
1243 1690 1391 1748 libro
1429 1693 1516 1760 49,
1554 1683 1624 1761 β)
1666 1690 1722 1748 in
1761 1690 1952 1748 altero
1989 1692 2074 1748 51.

656 1785 786 1856 syll.
825 1785 979 1854 long.
1181 1780 1341 1838 brev.
1527 1797 1574 1848 s,
1588 1797 1615 1836 r
1802 1796 1854 1836 m
2060 1778 2222 1836 verb.
2439 1779 2504 1833 nt

376 1879 460 1926 nb.
587 1872 604 1928 1
746 1875 821 1931 24
1233 1874 1271 1928 5
1539 1872 1601 1926 14
1791 1872 1830 1927 2
2102 1872 2138 1925 5
2453 1868 2473 1922 1

380 1968 460 2019 nb.
557 1960 600 2018 11
741 1965 817 2019 20
1249 1962 1269 2016 1
1562 1962 1600 2020 6
1795 1963 1832 2018 5
2082 1989 2149 1997 —
2454 1956 2474 2010 1

542 2046 549 2051 ’
588 2049 872 2110 Rationes
911 2052 1127 2123 prioris
1166 2049 1327 2107 libri:
1364 2049 1435 2105 24
1461 2067 1475 2105 ι
1502 2053 1589 2116 22,
1627 2050 1909 2107 alterius:
1947 2050 2059 2105 2o.·
2092 2050 2170 2104 10.

592 2138 1049 2212 Trisyllabarum
1089 2144 1151 2198 et
1189 2138 1750 2211 quadrisyllabarum
1790 2139 2052 2196 rationes
2089 2137 2221 2193 fere
2259 2135 2502 2192 eaedem

376 2244 526 2298 quae
566 2229 621 2285 in
662 2229 1017 2287 carminibus
1057 2229 1450 2302 epigraphicis
1489 2231 1646 2289 sunt.
1719 2227 1778 2284 In
1816 2225 2141 2298 trisyllabis
2168 2225 2350 2282 verba
2386 2225 2502 2297 pri·

377 2336 522 2378 mum
564 2322 752 2378 locum
792 2324 1100 2392 occupant.
1176 2318 1235 2378 In
1275 2317 1583 2390 bisyllabis
1610 2316 1791 2376 verba
1830 2317 1886 2374 in
1932 2317 2056 2385 „et“
2098 2329 2340 2372 numero
2380 2314 2504 2386 plu-

375 2410 573 2468 rimum
610 2410 825 2468 valent.
