2984 4925
732 850 886 928 Vll.
943 850 1067 928 De
1125 852 1456 928 alterius
1517 850 1978 928 hemistichii
2040 853 2400 931 elisione.

710 982 953 1038 Romani
1009 997 1137 1037 cum
1193 981 1434 1037 vocales
1474 981 1530 1036 in
1587 970 1763 1038 ve'rsu
1805 981 2027 1038 elidere
2084 999 2199 1039 non
2263 983 2628 1048 dubitarent,

498 1079 686 1130 tamen
728 1072 1030 1128 elisionem
1093 1071 1168 1127 ab
1209 1071 1397 1126 altero
1437 1070 1788 1140 pentametri
1854 1072 2221 1128 hemistichio
2278 1089 2469 1143 paene
2532 1089 2630 1129 ex·

495 1163 746 1218 clusere.
822 1161 882 1217 ld
946 1159 1175 1230 quidem
1236 1160 1310 1216 de
1350 1160 1701 1229 pentametri
1758 1159 1946 1217 torma
1996 1161 2282 1232 perfecta,
2321 1177 2436 1218 non
2476 1164 2610 1219 item

494 1251 568 1307 de
647 1250 836 1307 forma
901 1253 1188 1315 nascente
1261 1248 1374 1305 dici
1461 1252 1680 1318 potest.
1780 1247 2077 1318 Quantum
2162 1252 2395 1308 intersit
2475 1252 2629 1308 inter

492 1338 808 1396 Catullum
847 1345 907 1396 et
947 1337 1263 1406 Ovidium,
1305 1338 1570 1408 quis.est
1627 1340 1720 1408 qui
1771 1339 2039 1395 nesciat!
2114 1338 2172 1395 ln
2220 1340 2412 1398 altero
2448 1341 2626 1400 herni-

491 1431 702 1488 stichio
741 1429 895 1502 apud
936 1427 1260 1486 Catullum
1300 1428 1543 1498 primum
1582 1443 1697 1484 non
1738 1443 1867 1493 una,
1922 1427 2031 1484 sed
2078 1430 2278 1500 plures
2334 1429 2618 1488 elisiones

490 1524 804 1576 occurrunt
843 1522 906 1575 ut
946 1525 1146 1594 „atque
1177 1516 1294 1573 alia
1324 1520 1480 1591 atque
1512 1512 1692 1578 alia“.
1756 1516 1988 1574 Deinde
2014 1520 2255 1575 vocales
2282 1521 2496 1590 longae
2521 1521 2627 1577 eli-

488 1618 708 1674 duntur
746 1623 809 1674 ut
841 1618 961 1692 „mi
988 1614 1175 1671 omnia
1197 1619 1330 1669 nata
1352 1609 1560 1682 bona“‚·
1590 1620 1948 1686 postremum
1977 1633 2091 1673 non
2121 1632 2272 1684 raro,
2305 1618 2415 1675 sed
2441 1634 2628 1689 saepe

470 1700 770 1784 'elisiones
828 1719 1061 1763 versum
1125 1707 1459 1761 currentem
1522 1705 1839 1762 retardant.
1939 1704 2126 1762 Aliter
2184 1707 2412 1776 quidem
2468 1708 2625 1779 apud

488 1795 812 1854 Tibullum
855 1812 952 1852 res
991 1811 1060 1850 se
1098 1793 1292 1850 habet.
1369 1792 1620 1849 Primum
1679 1794 1986 1852 elisionum
2043 1797 2313 1865 paucitas
2365 1798 2625 1856 notanda

487 1891 596 1955 est,
635 1886 847 1943 deinde
887 1887 1101 1955 longae
1139 1883 1381 1947 vocales
1408 1897 1508 1957 „se
1531 1880 1863 1955 implicuisse
1884 1879 2058 1939 volet“
2079 1890 2336 1956 excepto
2363 1901 2476 1942 non
2517 1886 2618 1942 eli-

432 2029 435 2032 .
489 1977 740 2033 duntur„
793 1972 1169 2047 Propertius
1196 1974 1374 2043 paulo
1412 1971 1681 2027 crebrius
1710 1971 2016 2028 elisionem
2054 1973 2325 2041 admittit,
2366 1975 2423 2030 in
2465 1974 2614 2031 libro

483 2065 667 2136 primo
701 2066 828 2130 ‚6¹'2·S=,
870 2066 925 2119 in
964 2065 1156 2120 altero
1193 2062 1352 2128 28508,
1394 2062 1449 2117 in
1476 2063 1658 2118 tertio
1690 2062 1847 2129 18¹e8,
1887 2062 1948 2120 in
1983 2068 2196 2133 quarto
2236 2066 2392 2124 12108.
2471 2064 2620 2124 Cum

483 2158 537 2211 in
577 2155 767 2212 altero
808 2154 956 2209 libro
997 2158 1276 2223 quartam,
1339 2154 1402 2207 ut
1441 2151 1554 2206 hoc
1592 2149 1777 2207 verbo
1816 2154 1963 2214 utar,
2023 2168 2238 2225 moram
2291 2153 2618 2234 praeferat,

481 2246 535 2299 in
577 2245 726 2300 libro
753 2244 932 2319 tertio
958 2258 1056 2298 res
1083 2241 1381 2299 contraria
1407 2240 1638 2307 accidit,
1680 2241 1856 2297 tertia
1879 2258 2039 2298 mora
2069 2247 2331 2312 quartam
2355 2249 2620 2315 superat,

485 2332 541 2389 id
579 2332 736 2403 quod
776 2335 960 2403 magis
1000 2333 1174 2388 etiam
1214 2332 1269 2387 in
1312 2329 1461 2386 libro
1503 2333 1713 2399 quarto
1755 2334 2022 2400 apparet.

566 2431 571 2437 ’
691 2439 820 2508 Jam
860 2439 935 2497 ad
977 2437 1270 2496 Ovidium
1312 2435 1521 2494 oculos
1560 2440 1990 2498 convertamus,

690 2547 1078 2618 Hilbergius¹)
1116 2547 1173 2602 in
1214 2546 1380 2611 libro,
1420 2560 1587 2614 quem
1617 2543 1692 2600 de
1728 2541 1899 2600 Ovidi
1930 2550 2301 2615 pentametro
2332 2530 2615 2616 confecit,

476 2653 680 2693 omnes
719 2636 889 2693 huius
928 2640 1144 2706 poetae
1192 2634 1471 2691 elisiones
1525 2633 1870 2703 congessit3
1920 2650 2103 2704 quare
2142 2636 2351 2693 iterum
2389 2654 2613 2708 ponere

473 2726 697 2783 omitt0.
773 2724 981 2781 Pauca·
1008 2724 1193 2780 solum
1234 2723 1502 2794 exempla
1540 2726 1600 2779 et
1638 2723 1915 2779 nonnulla
1966 2723 2042 2780 de
2092 2724 2398 2793 vocalibus
2447 2727 2611 2782 elisis

473 2818 534 2871 et
572 2814 647 2871 de
687 2814 851 2883 lociS,
889 2812 1101 2884 quibus
1138 2812 1421 2870 elisiones
1460 2816 1793 2878 occurrunt,
1833 2812 2060 2869 addam.
2099 2840 2100 2843 ¹

691 2961 741 3022 1)
781 2956 1036 3014 Vocales
1076 2955 1308 3012 breves
1349 2953 1643 3011 eliduntur
1680 2955 1824 3010 hae:

1076 3073 1265 3116 elision.
1289 3083 1419 3114 num.
1567 3060 1646 3132 ὲῗ)
1755 3063 1791 3118 ὲ
1933 3064 1953 3119 l
2101 3080 2193 3119 um
2339 3082 2428 3123 am

611 3165 725 3208 Am.
848 3234 852 3237 -
1209 3157 1273 3211 10
1418 3155 1426 3279 Ι
1576 3153 1612 3207 9
1723 3183 1787 3192 -
1900 3183 1967 3192 -
2118 3184 2180 3194 -
2372 3158 2391 3212 1

611 3261 728 3305 Her.
1199 3245 1271 3299 20
1546 3243 1610 3298 14
1751 3247 1788 3301 5
1930 3244 1966 3298 2
2117 3245 2136 3297 1
2328 3275 2395 3285 —

609 3350 713 3393 Ars
1233 3334 1270 3389 8
1572 3334 1609 3388 6
1760 3337 1779 3391 1
1942 3334 1957 3386 l
2114 3363 2175 3372 -
2329 3365 2393 3373 —

608 3439 746 3484 Rem.
777 3452 871 3484 am.
1232 3427 1268 3481 4
1570 3426 1607 3480 4
1718 3454 1782 3463 -
1897 3451 1961 3459 -
2110 3453 2175 3462 -
2330 3454 2391 3461 -

610 3530 762 3575 Trist.
1230 3516 1265 3570 9
1570 3518 1606 3571 7
1712 3544 1784 3552 ··-·
1930 3512 1966 3566 2
2110 3541 2174 3550 “
2326 3542 2391 3551 “““

606 3621 748 3666 Pont.
1202 3605 1265 3660 16
1543 3606 1606 3661 15
1756 3606 1776 3658 l
1893 3632 1962 3640 -
2110 3633 2173 3641 -
2324 3631 2389 3639 -

609 3711 750 3756 Fast.
1189 3694 1279 3775 ¹—5
1541 3694 1604 3750 14
1715 3723 1781 3732 ····
1934 3693 1952 3744 ¹
2107 3720 2175 3731 “““
2323 3720 2387 3729 ““

1191 3784 1263 3838 82
1520 3770 1610 3839 δεῖ
1699 3768 1789 3840 ‘5‘
1896 3767 1984 3837 ’ὃ
2091 3768 2180 3836 Τ
2323 3766 2411 3835 Τ

674 3964 710 4015 ¹)
740 3963 967 4015 Hilberg,
1010 3961 1089 4004 die
1121 3961 1334 4004 Gesetze
1363 3960 1453 4003 der
1482 3959 1852 4012 Wortsteuung
1880 3960 1947 4002 im
1976 3958 2297 4002 Pentameter
2329 3957 2417 4000 des
2446 3955 2602 4009 ovid,

463 4036 669 4089 Leipzig
697 4036 814 4079 1894.

671 4179 708 4232 ²)
739 4177 864 4224 Cum
894 4176 1040 4232 signa
1069 4175 1134 4222 ad
1164 4175 1423 4223 vocalium
1453 4175 1793 4231 quantitatem
1833 4172 2224 4229 significandam
2271 4170 2466 4217 usitata
2509 4169 2595 4216 de·

461 4250 580 4306 sint,
609 4250 688 4296 his
709 4249 849 4296 notis
881 4250 1028 4294 utor:
1060 4247 1263 4294 vocalis
1285 4249 1439 4303 longa
1457 4259 1560 4294 non
1577 4246 1930 4302 significatum
1960 4243 2135 4290 brevis
2155 4244 2257 4289 hoe
2277 4244 2496 4288 accentu
2517 4242 2557 4281 ·.“
2580 4253 2590 4289 3

457 4323 661 4371 vocalis
691 4324 778 4368 vel-
808 4326 958 4375 longa
987 4323 1071 4365 vel
1101 4322 1273 4364 brevis
1316 4322 1450 4370 ita··;
1497 4321 1703 4373 syllaba
1733 4317 1983 4372 positione
2021 4318 2173 4369 longa
2201 4317 2302 4361 hoc
2330 4316 2536 4359 accentu
2569 4319 2594 4348 ‘-
