2984 4925
1249 364 1600 419 ...49-

351 561 517 615 quam
555 546 591 601 a
629 542 880 600 eliditur.
956 542 1284 611 Longarum
1337 541 1526 608 elisi0‚
1584 556 1714 597 cum
1774 539 2127 612 syllabarum
2185 540 2480 611 quantitas

351 632 695 691 labefactari
731 635 947 703 coepta
987 636 1096 698 est,
1127 629 1531 687 increbrescit.
1595 628 1653 685 ln
1682 630 1771 685 his
1799 630 2071 687 omnibus
2100 628 2279 686 rebus
2317 630 2489 686 aliter

350 740 419 779 se
459 722 677 778 habent
716 721 979 777 carmina
1020 719 1374 777 Christiana.

574 847 825 906 Primae
863 846 1032 904 arsis
1073 847 1364 917 exempla:

565 957 685 1019 oum
731 960 807 1018 ad
854 968 1072 1019 mortem
1119 962 1331 1020 matris,
2118 963 2280 1028 970,8

565 1087 665 1145 quo
714 1067 945 1139 inferrer
989 1075 1098 1124 tam
1145 1087 1277 1125 cum.
2093 1067 2282 1139 1054,2

565 1193 682 1231 cum
731 1181 854 1230 ante
907 1175 1045 1231 alios
1090 1193 1304 1240 vernas,
2095 1175 2283 1243 1058,ss

567 1299 685 1341 cum
732 1279 809 1337 ad
854 1291 1076 1348 mortem
1121 1284 1333 1345 matris.
2089 1283 2281 1349 15442

354 1385 517 1441 Haec
557 1383 822 1454 exempla
860 1382 915 1438 in
955 1382 1311 1438 carminibus
1351 1381 1752 1439 deterioribus
1790 1383 2006 1439 insunt.

568 1489 777 1547 Prima
815 1488 1042 1559 theSiS,
1100 1506 1250 1560 quae
1306 1490 1461 1560 apud
1500 1488 1771 1547 Ovidium
1828 1490 2036 1547 eodem
2076 1485 2318 1548 numero
2379 1507 2494 1560 quo

355 1583 544 1639 altera
583 1580 736 1636 arsis
766 1579 941 1646 valet,
982 1578 1238 1638 recedit:
1278 1582 1486 1649 partes
1515 1580 1645 1635 eius
1682 1580 1872 1635 altera
1917 1580 2069 1637 arsis
2109 1580 2377 1649 suscipit,
2433 1580 2491 1635 in

354 1686 468 1741 qua
519 1669 688 1725 elisio
724 1669 913 1724 multo
953 1668 1194 1737 saepius
1232 1668 1490 1724 occurrit
1529 1684 1698 1738 quam
1737 1669 1959 1725 ceteris
2000 1668 2146 1724 locis
2185 1667 2495 1735 omnibus;

362 1774 517 1829 quae
554 1773 654 1814 res
693 1773 767 1813 eo
808 1756 1153 1827 explicatur,
1192 1756 1348 1825 quod
1399 1756 1579 1812 multa
1617 1757 1790 1812 huius
1832 1758 2095 1813 elisionis
2135 1757 2407 1828 exempla
2433 1759 2490 1812 in

364 1846 716 1904 carminibus
755 1844 1153 1901 deterioribus
1192 1845 1405 1905 insunt.

563 1934 825 1992 Tertiae
854 1932 1019 1990 arsis
1043 1934 1308 2005 exempla
1329 1935 1521 2003 qualia
1541 1939 1708 1991 sunt:
1727 1955 1880 1996 passa
1898 1950 1991 1994 est,
2012 1945 2191 1987 durum
2208 1950 2284 1987 est
2304 1936 2499 2004 omisi3

361 2026 642 2082 elisiones
683 2028 821 2080 ante
859 2024 1007 2079 alias
1044 2023 1287 2079 voculas
1337 2023 1759 2081 adnumeratae
1797 2030 1963 2082 sunt:
2026 2035 2166 2077 vitae
2208 2042 2258 2078 et
2295 2025 2496 2095 986,8;

365 2123 531 2177 lapide
575 2123 673 2167 hoc
718 2111 938 2181 1003,2;
979 2121 1212 2164 miserum
1264 2129 1320 2164 ut
1354 2112 1669 2184 1044Β,10;
1707 2124 1960 2177 ingenium
1988 2130 2044 2168 ut
2079 2113 2284 2180 127622.

573 2221 731 2278 Raro
793 2222 992 2292 plures
1058 2222 1273 2294 prioris
1312 2223 1660 2280 hemistichii
1719 2225 2000 2281 elisiones
2055 2227 2372 2280 occurrunt
2437 2228 2499 2279 ut

364 2318 555 2384 „atque
601 2307 746 2365 idem
797 2310 1074 2384 optamus“
1130 2311 1382 2380 1075‚10;
1423 2313 1632 2387 antiqui
1681 2319 1836 2384 atque
1889 2310 2056 2368 Erebi
2099 2311 2281 2382 9202.

572 2426 860 2486 Interdum
920 2429 974 2486 in
1033 2445 1149 2486 uno
1188 2434 1558 2502 pentametro
1617 2431 1788 2488 elisio
1848 2433 2063 2503 prioris
2124 2435 2185 2489 et
2246 2431 2495 2489 alterius

364 2519 715 2575 hemistichii
755 2520 910 2576 inest
949 2524 1012 2577 ut

582 2637 869 2690 Aeternam
917 2636 973 2691 in
1017 2652 1229 2713 pacem,
1276 2633 1418 2691 unde
1466 2641 1600 2710 erat,
1654 2641 1702 2692 et
1744 2633 1927 2699 rediit.
2057 2637 2297 2705 1451‚12.

502 2811 509 2816 ,
574 2751 705 2809 Νοη
743 2752 873 2809 sine
911 2754 1062 2809 omni
1104 2754 1399 2824 elegantia
1437 2754 1531 2811 hic
1569 2758 1940 2825 pentameter
1978 2756 2197 2812 currit:

562 2848 692 2924 sdta
737 2851 979 2906 animam
1023 2846 1286 2906 dederant
1328 2850 1444 2920 scita
1489 2850 1782 2926 eademque
1827 2858 2043 2927 negant.
2076 2855 2284 2920 1041,8.
