2984 4925
1388 315 1739 369 ..8-

500 499 575 555 de
647 497 943 555 nonnullis
1022 495 1292 568 epistulis
1364 490 1718 550 dissentiant
1782 491 2011 548 eruditi.
2110 490 2420 547 Fastorum
2495 488 2621 546 libri

501 592 777 660 quattuor
824 587 1037 643 nullum·
1088 586 1408 655 exemplum
1458 582 1694 648 habent,
1759 582 1815 639 in
1879 580 2028 637 libro
2079 580 2280 649 quinto
2342 584 2402 636 et
2451 583 2623 636 sexto

500 678 616 734 duo
682 678 949 747 exempla
1011 673 1446 745 quadrisyllaba
1510 676 1662 732 sunt.
1763 671 1952 729 Aliter
2023 686 2091 727 se
2154 668 2333 727 habet
2405 684 2502 726 res
2568 671 2622 726 in

500 767 802 825 Tristibus
840 770 901 824 et
940 767 994 822 in
1035 764 1308 836 epistulis
1346 780 1420 820 ex
1445 762 1638 819 Ponto
1678 762 1888 822 missis,
1947 761 2078 833 Ipse
2116 763 2295 832 poeta
2332 760 2523 816 animo
2562 764 2623 816 et

499 873 753 928 corpore
815 855 1043 913 fractus
1107 857 1346 926 saepius
1412 857 1472 911 et
1533 854 1825 926 ingenium
1884 867 2049 909 suurn
2113 853 2500 922 languescere
2563 854 2624 907 et

499 946 739 1018 scriptis
777 946 905 1002 suis
940 946 1194 1002 ultimam
1235 945 1421 1008 limam
1461 943 1679 1000 deesse
1730 943 2007 1012 queritur.
2082 940 2245 1000 Haec
2287 939 2467 997 verba
2506 956 2620 996 non

499 1035 693 1091 inania
733 1049 872 1092 esse
912 1032 1203 1104 epistulae
1244 1048 1316 1088 ex
1354 1030 1547 1087 Ponto
1585 1031 1736 1087 satis
1773 1032 2004 1087 docent.

708 1140 958 1197 Pontica
979 1139 1207 1209 quidem
1229 1138 1531 1195 clausulae
1548 1135 1892 1209 trisyllabae
1912 1137 2236 1207 exemplum
2255 1151 2369 1192 non
2387 1133 2621 1200 habent,

496 1232 605 1289 sed
641 1231 861 1288 crescit
899 1244 1178 1285 numerus
1229 1226 1805 1297 quadrisyllabarum.
1880 1226 2137 1282 Maxime
2184 1223 2259 1280 ab
2308 1222 2624 1281 Amoribus

497 1326 558 1379 et
609 1320 685 1378 ab
741 1319 888 1377 Arte
936 1318 1293 1375 dissentiunt
1330 1316 1624 1390 epistulae
1677 1331 1750 1371 ex
1797 1314 2006 1372 Ponto.
2082 1313 2451 1384 Trisyllabae
2497 1317 2623 1370 tres

497 1415 651 1478 sunt,
690 1408 1162 1480 quadrisyllabae
1200 1405 1681 1477 quattuordecim.

709 1515 983 1574 Ovidium
1022 1515 1319 1572 clausulas
1357 1530 1391 1570 e
1443 1514 1690 1585 plurium
1741 1511 2095 1584 syllabarum
2135 1523 2282 1568 voce
2333 1510 2622 1580 composi·
2731 1522 2736 1526 ·

495 1612 590 1663 tas
617 1606 844 1663 vitasse
870 1603 1242 1660 manifestum
1282 1607 1393 1669 est,
1431 1602 1751 1673 praecipue
1790 1602 2087 1657 clausulas
2125 1599 2465 1671 trisyllabas
2503 1614 2619 1654 non

495 1695 776 1763 admittit;
816 1694 1131 1763 quaeritur,
1172 1707 1276 1747 cur
1314 1692 1427 1752 hoc
1465 1689 1698 1751 fecerit.
1771 1689 1879 1746 Hic
1919 1694 2115 1760 poeta,
2155 1689 2248 1758 qui
2289 1691 2454 1745 tanta
2491 1699 2619 1742 ver-

495 1801 659 1841 suum
697 1782 1110 1853 fingendorum
1147 1780 1436 1838 facilitate
1473 1783 1618 1846 erat,
1662 1780 1799 1835 nihil
1847 1779 2139 1849 antiquius
2191 1777 2411 1845 habuit,
2451 1792 2618 1847 quam

494 1877 558 1930 ut
609 1885 819 1930 versus
879 1872 1089 1928 leniter
1145 1875 1208 1927 et
1267 1871 1544 1927 celeriter
1599 1885 1847 1926 currens
1903 1869 1978 1925 ad
2032 1868 2209 1924 finem
2266 1867 2618 1937 perveniret.

494 1962 687 2033 Atque
736 1961 1011 2033 profecto
1060 1964 1465 2032 pentametros
1502 1958 1685 2016 verbo
1729 1958 2020 2031 bisyllabo
2071 1959 2413 2014 terminatos
2466 1955 2620 2011 cele·

493 2054 615 2109 rius
668 2053 834 2121 legas
883 2059 1053 2122 ‘quam
1092 2063 1300 2106 versus
1354 2051 1410 2105 in
1450 2062 1656 2106 vocem
1695 2049 2055 2120 trisyllabam
2097 2051 2401 2107 exeuntes,
2464 2047 2617 2103 Cae·

495 2158 634 2198 sura
696 2142 874 2207 enim,
938 2157 1090 2211 quae
1164 2140 1481 2197 clausulam
1557 2138 1918 2212 trisyllabam
1993 2137 2308 2205 antecedit,
2383 2149 2615 2194 versum

493 2235 839 2289 currentem
864 2234 1138 2288 moratur.

704 2373 833 2440 Jam
873 2372 1219 2443 progrediar
1256 2371 1331 2427 ad
1376 2369 1660 2427 carmina
1709 2368 2139 2443 epigraphica,
2190 2372 2269 2435 ut,
2322 2367 2614 2437 quomodo

492 2462 567 2519 ab
606 2460 782 2520 Ovidi
820 2467 952 2518 arte
990 2460 1288 2529 recedant,
1328 2460 1655 2518 ostendam.

709 2570 751 2623 1.
796 2567 1071 2624 Carmina
1120 2565 1567 2637 antiquissima
1616 2575 1666 2620 in
1687 2573 1999 2629 Anthologia
2021 2573 2203 2619 Latina
2222 2575 2254 2624 ¹)
2287 2574 2419 2620 inter
2449 2585 2617 2619 nume·

493 2676 582 2710 ros
613 2664 887 2718 958—9653
917 2657 1221 2713 continent
1260 2656 1513 2713 disticha
2494 2656 2578 2710 21.

847 2745 1036 2817 bisyll.
1384 2746 1589 2818 trisyll.
1937 2745 2272 2818 quadrisyll.

913 2838 949 2893 7
1457 2839 1495 2892 7
1915 2830 1932 2847 ’
2085 2838 2122 2891 7

671 2896 879 2982 ¹Ratio
927 2926 1077 2981 haec
1127 2930 1221 2982 est
1265 2927 1334 2982 7:
1370 2927 1428 2980 14
1464 2927 1559 2983 vel
1603 2925 1822 2998 ¹l3=²l33
1884 2929 2248 2996 quantopere
2286 2924 2363 2981 ab
2399 2923 2616 2982 Ovidio

490 3015 809 3072 abhorreat
845 3027 1344 3086 supervacaneum
1372 3020 1466 3072 est
1493 3015 1709 3072 dicere.
1751 3015 1906 3085 Quin
1937 3016 2108 3072 etiam
2140 3014 2412 3071 Catullus
2439 3016 2614 3086 paulo

491 3105 821 3175 elegantior
859 3109 982 3171 est;
1021 3104 1176 3176 apud
1217 3121 1345 3161 eum
1385 3105 1574 3161 minus
1615 3105 1765 3162 duae
1805 3106 2043 3176 quintae
2088 3108 2226 3160 sunt
2265 3102 2613 3175 bisyllabae,

490 3197 626 3266 plus
664 3199 791 3251 tres
831 3197 1067 3264 quintae
1104 3195 1349 3266 plurium
1389 3192 1745 3265 syllabarum
1782 3207 1932 3252 voce
1975 3195 2373 3251 terminantur.
2449 3192 2613 3249 Haec

491 3283 742 3340 disticha
781 3287 843 3339 et
880 3284 1200 3355 praecipue
1238 3299 1325 3349 ea,
1367 3284 1422 3339 in
1462 3283 1675 3353 quibus
1713 3284 1956 3354 plurium
1995 3281 2346 3354 syllabarum
2385 3282 2614 3338 clausu·

490 3375 582 3429 lae
622 3377 923 3443 superant,
976 3372 1051 3428 ab
1091 3371 1420 3442 hominibus
1459 3372 1714 3430 indoctis
1755 3372 2025 3443 perfecta
2066 3388 2204 3427 esse
2242 3372 2481 3429 stultum
2519 3376 2615 3428 est

488 3463 752 3519 credere.
827 3462 1026 3517 Minus
1065 3472 1202 3518 sunt
1242 3464 1353 3518 hae
1391 3462 1694 3518 clausulae
1734 3463 2057 3532 elegantes,
2107 3463 2240 3532 quia
2293 3465 2430 3518 sunt
2467 3462 2613 3517 anti-

489 3568 655 3622 quae.
731 3550 918 3608 Unum
956 3567 1191 3607 carmen
1230 3553 1337 3607 965
1373 3554 1542 3607 certe
1580 3550 1655 3607 ab
1700 3550 1933 3606 homine
1973 3551 2203 3607 erudito
2242 3549 2454 3607 confici
2496 3565 2611 3605 non

489 3643 755 3710 poterat3
796 3640 871 3696 de
908 3656 1024 3710 quo
1062 3640 1320 3696 carmine
1358 3640 1639 3710 singulari
1680 3640 1796 3696 alio
1837 3641 1969 3695 loco
2008 3639 2189 3696 verba
2230 3639 2456 3695 faciam.

698 3786 749 3837 2.
793 3750 1075 3839 Carmina
1111 3779 1497 3853 Pompeiana
1538 3784 1718 3850 (926-
1734 3784 1856 3848 957,
1904 3785 2071 3852 1491).

703 3870 972 3927 Disticha
1012 3883 1253 3927 numero
1291 3876 1427 3927 sunt
2397 3909 2402 3913 -
2489 3873 2573 3928 55.

840 3961 1034 4032 bisyll.
1371 3961 1577 4032 trisyll.
1921 3961 2257 4032 quadrisyll.

901 4053 971 4107 27
1434 4053 1470 4108 5
2056 4054 2092 4107 5

699 4139 902 4197 Ratio:
939 4142 1010 4196 27
1030 4141 1099 4197 :8
1136 4141 1398 4210 (circiter
1434 4139 1503 4211 ¹³!⁴
1527 4157 1539 4196 z
1565 4140 1671 4221 ¹l4).

541 4304 574 4367 1)
608 4316 847 4362 Carmina
869 4315 1050 4362 Latina
1073 4317 1414 4373 epigrapnica,
1437 4316 1513 4362 ed.
1536 4317 1836 4365 Buecheler.
1868 4317 2074 4374 Lipsiae
2096 4316 2611 4364 MDCCCLXXXXV.
